2102 2796
158 443 1160 538 Des abtes Marſchalck ſol ſein der Graf von Rap
166 528 1166 595 perswil/ vnd vber das bluͦt zerichten. Vogt vnnd
166 579 1164 643 ſtatthalter/ hat darumb zelehen Schlos vnd Stat
172 624 1167 683 Rapperſwil/ Sonnder was von der purg obaͤſten
167 677 1175 748 gratte vnd schne schmeltze ſich gen Ainſideln richte
166 723 1174 790 oder herfluſſet/ Des vnder marſchalck ſol ſein der
175 775 893 838 Ritter oder Edelknecht von vrikon.
166 807 1178 889 Des aptes Truchſes ſol ſein der Freyher von We
166 867 1170 934 diſwil/ des hat Er auch zelehen die herſchaft We¬
168 917 1186 988 diſwil/ vnder truchſeſs ſol ſein der ritter oder Edel
172 980 737 1054 knecht von hum̄brechtykon.
166 1017 1179 1086 Des apts Schencke ſol ſein der Freyher von vſter
175 1073 1188 1157 des lehen iſt auß elte verblichen/ des vnder ſchenck
168 1126 1070 1186 iſt der ritter oder Edelknecht von liebenberg.
168 1152 1185 1247 Des apttes Saͤſſeltrager/ ſo der vnder der Infeln
175 1223 1176 1300 gat/ ſol ſein der Frey von Regenſperg. Vnd vogt
177 1276 1183 1354 der probſtey zuͦ Vare/ hat darumb zelehen dieſelbē
175 1324 1185 1398 vogtey/ Des vnder amptman ſol ſein der von Cro
172 1385 748 1459 naw ritter oder Edel knecht.
179 1422 1188 1494 Des aptes kuchenmaiſter. ſol ſein der Freyher von
173 1478 1188 1556 kempten/ hat darumb zelehen die/ vogtey zuͦ kempt
179 1544 1189 1602 ten aller gotzhauß guͦtter/ des vnder kuchenmaiſter
179 1579 1185 1669 iſt am letſten geweſen der Meyſſe von Zuͦrich wap
187 1649 403 1711 pentrager.
177 1682 1186 1761 Der Probſtey vogt zuͦ Sant Gerolt ſol ſein d̓ graf
184 1735 1190 1794 vom weyſſen fan/ Iſt yetz der Freyher von Bran
181 1789 1189 1860 dis / hat dieſelben vogtey mit andren mer darumb
192 1846 363 1915 zuͦ lehen.
187 1874 1185 1951 Der probſtey zuͦ Erlibach vogte/ ſol ſein der Frey
184 1937 1190 2002 her von Tengen/ iſt yetz Graf zuͦ Nellenburg. hat
187 1988 1199 2083 darumb zuͦ kußnaͤg am Zuͦricher See vil guͦtter le
192 2050 419 2140 hen gehept.
