2102 2796
944 611 1849 704 was vor großkeller/ ward erwelt zuͦ pfeffikon.
941 703 1915 785 Cuͦnrad apt/ der drey vnd zwaintzigiſt/ ain Frey
937 755 1784 843 herr von Goͤßkon/ des namens der ander.
932 861 1918 937 Hainrich apt/ der vier vnd zwaintzigiſt an der zal
939 910 1920 982 des namens der dryt/ ain Freyherr von Brandis
936 967 1916 1037 ward Biſchof zuͦ Coſtentz. vnd vidimiert dem gotz
932 1014 1918 1091 haus/ die bull pabſt leonis des achten/ die da lawt
937 1065 1920 1145 fu̇r pein vnd schulde/ des ſchweſter was aͤptiſſin zuͦ
937 1111 1338 1197 Seckingen gefürſt.
928 1208 1921 1275 Marquart apt/ der fünff vnd zwaintzigſt/ ain frei
929 1264 1918 1347 herr vō Grünenberg/ Er kaufft die herſchaft Rich
924 1306 1410 1393 enburg an das geſtiffte.
924 1400 1920 1494 Nicolaus apt/ der ſechs vnd zwaintzigiſt/ ain frei
932 1458 1383 1535 herr von Guͦttenburg.
926 1550 1906 1636 Petrus apt/ der ſiben vnd zwaintzigiſt an der zal/
921 1613 1911 1681 des namens der ander/ ain Freyherr vō Wolhau
928 1659 1908 1722 ſen/ erwarb von dem gemellten biſchoff hainrichē
921 1714 1908 1786 die bull gevidimiert werden/ des schweſter was aͤp
916 1758 1907 1840 tiſſin zum frawenmünſter zuͦ Zürich gefürst. was
921 1814 1613 1889 vor probſt zuͦ ſant Gerolt geweſen.
916 1908 1898 1977 Ludwig ain Graf von Tyerſtain/ iſt ain ſched¬
913 1963 1903 2024 licher apt geweſen/ an der zal der acht vnd zwain¬
923 2011 1905 2072 zigiſt/ verordnet mit groſſem ſchaden des geſtifftes
913 2048 1902 2115 Das Er zuͦ biſchoff zuͦ Straſpurg poſtuliert ward
921 2109 1902 2187 vnd da d̓ von dem gotzhaus abschaiden gen Straß
908 2159 1900 2243 burg wolt. Starb Er geschwind in dem Schloſs
