2102 2796
910 518 1896 616 Starb als man zalt Tauſent fünfftzig vnd zway
910 598 1025 659 iarn.
893 631 1896 716 Herman apte der fünffte/ ain Graf von Winter¬
904 702 1900 765 thur/ der iſt geweſen der erſt mit der Infelen bega
904 749 1900 802 bet worden von Babſt leone dem Neunden/ Nun
901 802 1898 860 als die geſchrift ſagt/ des aptes vetter ayn Hertzog
912 841 1903 923 von Braunſchweig. Herman ſtarb Tauſent fünff
910 898 1276 975 vnd ſechtzig iarn.
905 990 1892 1069 Hainrich apt der ſechſt/ zuͦ der aptey bezwungen/
910 1052 1900 1117 des geſchlechtz findt man nit anders dann das Er
906 1105 1903 1167 auch ayn geborner herr geweſen ſey Starb Anno
901 1151 1704 1240 domini Tauſent vier vnd sibentzig iar.
910 1222 1901 1310 Seligerus appt der ſibende/ Was vor Ritter ayn
913 1303 1901 1360 Freyherr von Wolhauſen/ vmb das Im ettliche
904 1347 1894 1405 kind ertruncken/ ward Er bewegt gaiſtlich zewer¬
903 1395 1896 1476 en/ vn̄ gieng mit drey oder vier ſünen in dis gotz
901 1444 1892 1516 haus/ vn̄ ſein gemahel fraw Hedwig taͤd des glich
900 1496 1899 1566 en/ ward auch ain gefu̇rste aͤpptiſſin/ zuͦm frawen
901 1550 1899 1613 Münster Zürich. Diſer apt hat auch dem geſtiffte
906 1608 1898 1670 vil guͤtz zuͦ bracht. Starb anno ⁊cͣ Tauſent Neun
905 1659 1899 1747 vnd neuntzig/ vnd gab die aptey willigklich appt
909 1694 1227 1769 Rͦdolffen auf.
903 1786 1890 1879 Rüdolff apt der achtend/ was vor kamerer/ des ge
905 1851 1904 1930 ſchlecht findt man auch nit grundtlich anders dan̄
900 1903 1898 1977 das Er ain geborner herr geweſen ſei. Starb anno
900 1948 1678 2020 domini Tauſent hundert vnd ain iar.
898 2055 1892 2115 Gero apt d̓ neündt/ von dem (ſeiner geburt halb)
891 2106 1904 2199 liſt man auch wie von dem naͤchſten/ hat zum erſtē
