2120 2768
130 436 1147 510 ¶ Hie bringt man den abt botſchaft von einem cloſter
124 506 1154 563 lag am zurrich See hieß Senaw do man begert ſant
120 554 1099 646 Meynrad ze han in das Cloſter die iungen zeleren.
127 1805 1162 1898 Der abt ſant er ſynen Ohem ſant Meynraten zuͦ einē
124 1888 1163 1952 ſchuͦlmeiſter/ do mit er dē ſchatz im vō gott vertruwet
123 1950 1146 2006 zuͦ dē gewyn̄ ſyns herren in vil vßteilet. Vnd als er et¬
124 1992 1154 2056 we vil zyts vnd iaren do geweſen was vnd ſich do mitt
124 2050 1156 2139 geuͤbet/ do zoch in ſin gewiſſē ī die wuͤſtin/ dar zuͦ ward
