2102 2796
178 549 1179 617 ain Freyher von Winiden/ was vor Cuſtor gewe
179 591 1177 668 ſen. Starb zuͦ Chum in lamparten alda begraben
174 641 1182 712 Anno domini Tauſent zwayhundert ſiben vnnd
184 706 559 790 ſibentzigiſten iarn.
187 792 1180 871 Petrus apt der neüntzehend/ auch ain Freyher vō
181 853 1178 910 Schwanden/ lyeß ſich in dem Regiment wol an/
175 900 1185 962 den erſchluͦg der blitzg mit vil andern erbern leüten
181 960 1191 1019 in vnſer frawen Capell zuͦ Zuge/ Anno dn̄i. Tau
191 1015 1188 1102 ſent zwayhundert achtzig iar/ ward hoch geklagt.
178 1097 1182 1163 Hainrich apt der zwaintzig/ des namens der an¬
184 1140 1189 1217 der/ ain Freiher von Güttingen. Starb im̄ Sloß
189 1197 1192 1279 pfeffikon Anno dn̄i Tauſent zwayhūdert acht vn̄
187 1265 1192 1338 neüntzigiſten iarn. des muͦter was ain Graͤfin von
187 1316 442 1401 Nellenburg.
208 1393 1194 1482 Iohannes apt/ der ain vnd zwaintzigſt/ ain Frei
184 1459 1194 1538 her von Swanden/ auch fürmünder der aptey des
193 1510 1191 1581 gotzhaus zuͦ Engelberg das da zemal vaſt mechtig
187 1569 1198 1622 was ain prelat hoches lobes wirdig/ außbündiger
191 1617 1196 1669 vnd ſeliger regierung/ hat inn vnd vor dem Gotz
193 1663 1197 1722 haus vil gebawen/ vnd gab zeletſt die aptey willig
191 1703 1199 1773 klich auff wider menngklichs willen/ Diſer beredt
196 1759 1199 1821 Hertzog hannſen von Oſterreich/ von des wegen
193 1813 1201 1876 küng Albrecht von Oſterreich Roͤmiſcher künig er
193 1876 1192 1925 mordt ward/ das Er ward ain gaiſtlicher bruͦder/
199 1905 1198 1977 legt Im an das bruͦder klaid/ vnd den orden darin̄
193 1976 1206 2053 hertzog hans in buͦßfertigem leben ſtarb im ellend.
202 2067 1201 2132 Iohannes apt/ der zwen vnd zwaintzigſt/ des na¬
202 2115 1193 2184 mens der ander/ ain Freyherr von Haſſenburg/
