2780 3602
1013 309 1099 406 iij
350 393 1785 486 ben jn libro Trenorū. iiij. Denigrata eſt ſuper carbones fa
354 462 1796 560 cies eorū et non ſunt cognoti in plateis. jr antlucz iſt vil
341 513 1782 625 ſchwerczer dan̄ die kolen daūb ſein ſÿ nit erkant in dē gaſ
352 592 1791 680 ſen. wir ſüllen auch außtuͦn dz vnrein klaid d̓ vnkeüſheit
350 666 1791 760 als vns ſant pauls leret do er ſpricht. Odiētes eā que car
345 731 1794 814 nalis eſt. ir ſu̓llēt haſſen dz do fleiſchlich iſt dz vnrein kleid
352 796 1791 895 d̓ vnkeüſcheit. vnd ſüllent auch außtuͦn die ze riſſen poͤſen
345 857 1791 949 klaid̓n d̓ hoffart. Dauon ſpricht Salomon prouerbioruꝫ
345 915 1791 1014 iij. Inter ſuperbos ſēper ſunt iurgia. Vn̄ter dē hoffertigen
343 984 1791 1092 ſeind alwegen krieg. kein vntugēt zereÿſſet mer dz kleid d̓
350 1065 1794 1159 ſelen den̄ die hoffart. Vn̄ darūb ſo leret vns heut paulꝯ in
350 1123 1789 1229 d̓ epiſtel dz wir dz klaid auß ſullē tuͦn gegē d̓ zuͦkunfft des
352 1184 1791 1280 himliſchen künigs do er ſpricht. Eiciamꝰ ergo opera tene
347 1253 1787 1363 brarum. Wir ſu̓llen von vns werffen die werch d̓ vinſter
343 1318 1787 1430 nuß. dz ſeind die ſünd. vn̄ antuͦn die waffen des liechtes
348 1386 1787 1482 dauon iſt geſchribē in. iij. ca. heſter. No em̄ erat licituꝫ in
343 1435 1785 1549 dutū ſacco aulā regis intrare. Es iſt nit zimlich dz ÿemāt
345 1514 1789 1617 in einē ſack klaid geklaidet ſol geen in des künigs ſal. Alſo
357 1578 1787 1686 ſol niemāt trettē in die heÿlige zeit des aduents mit dē ſu̓n
350 1653 1787 1762 dē / als dauid ſpricht. Cōcidiſti ſaceū meū et circūdediſti
350 1711 1782 1827 me leticia. Du haſt meinen ſack zerſchnittē vnd haſt mich
352 1792 1787 1899 gekleidet mit freüdē ¶ Zuͦ dē and̓n mal ſoͤllen wir vns zie
350 1845 1785 1953 ren mit dē klaid der tugent als vns ſant pauls leret do er
347 1913 1787 2018 ſpricht Induimin arma lucis. Ir ſoͤlt antuͦn die waffē des
356 1986 1785 2083 liechtes. dz iſt d̓ gelaub. gancze hoffnūg vn̄ goͤttliche lieb
352 2049 1787 2152 dz ſein die waffen des ewigē liechtes. dz ſein die klaid der
352 2108 1787 2224 himliſchē hochzeit wer d̓ nit hat zuͦ dē wirt geſprochē als
357 2189 1787 2282 geſchriben ſteet Mathei. xxij. ca. Amice quomō huc intra
357 2249 1783 2336 ſti non habens veſtē nuptialem. Dauō ſpricht Petrus. j.
347 2321 1778 2417 eplā. iiij. c. Caritas operit multitudinē pccātorū. dÿe lieb
347 2370 1787 2478 kleidet od̓ bedeckt die manigfeltikeit der ſunden/ das iſt dz
350 2440 1787 2549 mynnendt klaÿd vnd das güldin klaid damit beklaidet
352 2500 1785 2608 iſt die mÿiment ſele als dauid ſpricht. Aſtitit regina a dex
350 2574 1792 2689 tris tuis. Es ſteet ein künigin zuͦ deiner rechtē hand geklei
350 2635 1794 2776 det in einem vergülten klaid ¶ Zuͦ dem dritten mal ſüllen
1657 2733 1796 2850 a iij
