3248 3546
1177 557 1860 651 ¶ Wie abraham redet mit ſeines bruͦder
1178 625 1920 708 tochter in dem offen frauenhauß do ſÿ ſor
1177 683 1878 751 ten ſchlaffen geen xliij
1182 726 1891 808 ¶ Von dem heÿligen vater malcho xliiij
1182 788 1885 861 ¶ Wie der heÿlig vatter Malchus ſchied
1182 836 1894 913 von machario in die wuͤſte xlv
1185 892 1886 969 ¶ Wie malchus in die wuͤſte gienge mitt
1182 940 1885 1005 vil menſchen da kament dÿe ſarraceni vn̄
1182 997 1882 1066 viengent ſÿ an dem xlv.
1185 1049 1882 1123 ¶ Wie der heÿlig vater malchus mitt ein
1179 1099 1878 1171 er frawen über ein waſſer ſchwam xlvj
1181 1153 1884 1224 ¶ wie die ſiben bruͤder ſchreibent das leb¬
1179 1213 1881 1282 en der altuaͤtter darumb ſÿ außgeſchicket
1176 1257 1882 1323 warent an dem xlvij
1188 1301 1878 1377 ¶ Aber ein ſchoͤne vorrede wie vnß dÿe
1185 1363 1882 1431 fiben bruͤder von dem berg oliueti beſchrei
1177 1411 1877 1488 bent das leben der altuaͤter xlvij
1194 1467 1879 1546 ¶ Von dem leben ſant Iohanns daz vnß
1176 1520 1878 1596 beſchreibt ſant Iheronimus xviij
1181 1564 1881 1644 ¶ wie ein fraw geſund ward do ÿr johā¬
1179 1617 1878 1686 nes in dem ſchlaff erſchin  xlviij
1191 1680 1879 1747 ¶ Ein hübſch exempel wie ein bruͤder ſich
1188 1727 1878 1798 ſeiner guͦtheÿt überhuͦb vnd dardurche in
1188 1774 1882 1853 des teüfels verſuͦchung kam ain ij.
1182 1827 1882 1899 ¶ Ein hübſches beiſpil wie ein vnkeüſch
1188 1877 1882 1945 er menſch zuͦ groſſem rewen kame das er
1188 1931 1884 1999 ſich in ein grab beſchloß vn̄ wolt ſein ſünd
1188 1992 1890 2046 darinne gebuͤſt haben do wurffent in dÿe
1185 2038 1881 2104 boͤſen geyſt darauß an dem  lij.
1188 2090 1887 2156 ¶ Ein geſchicht von einem bruͤder der ab
1182 2145 1889 2222 nam an ſeinen guͤtten wercken vnd an ſei
1182 2193 1881 2256 nen guͦtthetten an dem lij.
1188 2243 1884 2303 ¶ Nach dem als dem bruͦder ſein ſpeiße
1185 2307 1884 2355 von himel entzogen ward do wolt er wi¬
1181 2345 1891 2430 der zuͦ der welt lauffen vnd kam zuͦ einem
1179 2403 1884 2469 kloſter do ward er vnderricht liij /
1185 2456 1884 2531 ¶ Von dem leben des heÿligen Altua¬
1185 2505 1881 2571 ters Or an dem liiij.
1184 2558 1887 2623 ¶ wie dÿe ſiben bruͤder kament von dem
1184 2608 1887 2677 berg oliueti zuͦ dem heÿligen altuatter or
1184 2666 1881 2723 vnd fragten in von ſeinem vnd der ande¬
1182 2711 1884 2774 ren bruͤder leben vnnd redten auch mit ein
1182 2759 1886 2845 ander von der liebe gotes am liiij
1196 2820 1893 2895 ¶ Von einem bruͤder dem thetten die teü
2082 541 2667 634 zuͦ laid vnd verſuͦchten in mitt n
1914 606 2680 678 nigerleÿ lüſten an dem lii
1967 661 2679 740 ¶ Von dem leben des heÿligen altuaters
1965 712 2682 782 Amon an dem lv
1991 761 2684 849 Von dem leben des heÿligen altuaters
1965 831 2685 889 Benon an dem lv
1965 873 2693 945 ¶ Von dem leben des heÿligen altuaters
1973 928 2687 991 Theona an dem lvj
1964 974 2690 1057 ¶ wie ſchacher kament czuͦ dem heÿligen
1967 1040 2693 1109 vater Theona vnnd er bekeret ſÿ zuͦ dem
1959 1088 2693 1160 criſtenlichen glauben an dem lvj
1962 1151 2687 1220 ¶ Von dem leben des heÿligen altuaters
1959 1191 2690 1260 appollonio an dem lvj
1965 1243 2687 1308 ¶ wie appollonio die goͤtlich ſtim̄ verkün
1956 1300 2690 1361 det er ſolt auf ſein achſel greiffen do fund
1961 1355 2691 1430 er den geÿſte der hochfart ſiczen den ſolte
1956 1412 2681 1487 er vnder ſich werffen das ſelbig thaͤte er
1965 1459 2684 1530 ſuͤch an dein vij
1964 1502 2684 1574 ¶ wie des keÿſers botten kament czuͦ dem
1959 1571 2688 1632 heÿligen vater appollonio vnd gebietent
1962 1619 2682 1688 ym das er riter ſoͤll werden lvij
1967 1672 2687 1744 ¶ wie der engel gottes kam vnnd erloͤſet
1958 1721 2690 1789 appollonium vnd dÿe andern bruͤder von
1961 1784 2684 1842 des keyſers gefencknuß am lvii
1970 1836 2690 1896 ¶ wie appollonius ſein bruͤder leret lvii.
1962 1880 2692 1944 ¶ wie dÿe heÿden einen abgot truͦgen für
1959 1935 2689 1998 den heÿligen vatter appollonium / vnd er
1961 1984 2686 2065 ſÿ darumb ſtraffet an dem  lvii
1962 2052 2691 2102 ¶ wie appollonius kam zuͦ einem heÿden
1966 2089 2687 2176 vnd verſoͤnet einen groſſen ſtreit vnd krie
1964 2143 2696 2226 ge an dem lix
1965 2194 2685 2273 ¶ Eines mals kamen vil menſchen für dz
1955 2252 2687 2330 kloſter zuͦ dem heÿligen vater appollonio
1958 2304 2665 2378 in der teürin den gabe er allen auß dreie
1966 2359 2690 2428 koͤrben brottes genuͦg an dem lx
1972 2410 2690 2475 ¶ wie der heÿlig appolonius die leüte er¬
1958 2461 2689 2520 loͤſet von einem tracken lxi
1966 2511 2691 2596 ¶ Von dem heÿligen altuatter copres d̓
1964 2562 2693 2635 ein prieſter was lxii.
1966 2626 2691 2690 ¶ wie der heÿlig vatter Copres den bruͤ¬
1964 2675 2693 2751 dern von iheruſalem vō ſeinem heÿligen
1961 2722 2697 2809 lebenn nit wolt ſagen vnd er ſaget inen
1961 2774 2691 2859 von einem andern altuater der hieß Mu¬
1960 2820 2688 2896 cius an den lxii.
