3016 3770
1500 467 2466 596 Das buch
1223 629 1916 728 recht iſt erloͤſet von der angſt. vnd
1231 700 1913 759 der vngütig wirdt geantwurt für
1223 754 1913 809 in. Der geleychßner betrewgt ſein
1218 806 1898 863 freund mit dē mund aber die gere¬
1219 850 1902 928 chten werden erloͤſet mit der wiſſen
1223 901 1898 975 heyt. Die ſtatt frewet ſich in den guͦ
1219 950 1904 1015 ten dingen der gerechten. vnd das
1217 1010 1901 1070 lob der vngütigē wirt der verdam¬
1217 1051 1898 1124 nuß. Die ſtatt wirt erhoͤcht in dē ſe¬
1217 1123 1908 1180 gen der gerechten vn̄ wirt vmbkert
1217 1160 1898 1213 mit dem mund der vngütigē. Der
1223 1207 1901 1273 do verſchmecht ſeinē freund. der iſt
1217 1264 1901 1331 gebreſtiges hertzen. aber der weyſe
1217 1313 1895 1374 man wurt ſchweigen. Der do trieg
1211 1358 1901 1438 lich geet der oͤffnet die heymlichen
1213 1415 1892 1477 ding. aber der do getrew iſt der ver¬
1211 1466 1895 1530 helt die miſſetat des freundes. Wo
1211 1515 1901 1587 nit iſt ein regierer. do felt das volck
1207 1570 1895 1635 wo aber vil ret ſein. do iſt das heyl.
1210 1620 1901 1680 Der do thuͦt die trew für dē auſwen
1211 1670 1895 1727 digen der wirt gepeiniget mit dem
1207 1715 1895 1786 übel. wer aber fleucht die ſtrick der
1210 1774 1901 1835 wirdt ſicher. das genem weyb wirt
1211 1818 1895 1878 finden die glori. vnd die krefftigen
1207 1880 1892 1930 werden haben die reychtumb. Der
1207 1919 1892 1979 barmhertzig man tuͦt wol ſeiner ſel
1201 1972 1886 2039 wer aber gruſaꝫ iſt der wirffet auch
1201 2021 1890 2107 ab die nechſten. Der vngütig thuͦt
1200 2072 1894 2144 ein vnſtets werck. Aber der do ſeet
1205 2122 1886 2184 die gerechtikeit des lon wirt getrew
1201 2178 1887 2246 Die gütigkeit fürbereyt das leben.
1201 2227 1883 2286 vn̄ die nachuolgung der boͤſen den
1204 2274 1886 2342 tod Das boͤſe hertz iſt verflücht dem
1198 2326 1883 2395 herren. vnd ſein wille iſt in den die
1194 2375 1890 2445 do geen einfeltigklich. Die hand in
1198 2421 1872 2498 der hand wirdt nit der vnſchuldig
1195 2481 1881 2542 boͤß. aber der gerecht wirdt behaltē
1195 2526 1875 2591 Als ein güldin ringe in den naßloͤ
1199 2575 1878 2659 chern des ſchweins. alſo iſt dz ſchoͤn
1195 2637 1875 2708 vn̄ toͤret weyb. Die begerung der ge
1188 2684 1877 2761 rechten iſt alles guͦt die harrūg der
1187 2727 1878 2798 übeln iſt ein grim. Ettlich teylen
1189 2790 1882 2876 ir eigen guͦt vnd werden reich. Die
1981 633 2689 724 andern nemē die ding. die nit ir ſein
1993 701 2683 776 vn̄ ſein zuͦ allen zeiten in mangel.
1989 749 2689 807 Die ſel die do wol ſpricht die wirdt
1991 806 2680 873 feyſt. vn̄ der ſy trencket vn̄ er ſelber
1993 851 2683 920 wirt truncken. Der do verbirget dz
1989 904 2689 967 getreyd. der wirt verfluchet vnder
1983 962 2683 1023 dē voͤlckern. aber der ſegen wirt auf
1989 1005 2680 1082 dz haubt des verkauffendē. Der do
1987 1058 2689 1123 ſuͦchet die guͦten ding. der ſteet wol
1981 1112 2685 1182 auff an dē morgē. aber der do iſt ein
1977 1166 2680 1224 erſucher der übeln ding der wirt ver
1981 1217 2683 1277 drucket von in. Der ſich verſucht in
1989 1263 2680 1328 ſeinen reychtumen der felt. aber die
1987 1316 2680 1371 gerechten gruͦnen als dz grün blat
1981 1359 2677 1433 Der do betrübt ſein hauß. der beſi¬
1983 1420 2680 1475 tzet die wind. vnd der do iſt ein tor.
1983 1471 2680 1534 der dien den weyſen. Die frucht des
1981 1526 2680 1596 gerechten iſt ein holtz des lebēs vnd
1983 1570 2677 1633 der do enpfecht die ſel der iſt weyß.
1979 1621 2677 1693 Ob der gerecht nimpt in dem land
1979 1690 2679 1762 wieuil mer der vngütig vnnd der
1976 1727 2140 1791 ſünder.
1976 1783 2674 1883 Das xii capitel Vie
1976 1869 2677 1937 Salomō den menſchen leret zeuol
1976 1932 2679 1999 gen der lere der weyßheit vnd der ge
1976 1984 2648 2068 rechtigkeit. vn̄ zelaſſen die boſheit
2177 2027 2676 2130 Er do liebhat
2163 2119 2671 2208 die lere der hat lieb die wiſ
2162 2181 2671 2247 ſenheit. wer aber haſſet die
1971 2214 2674 2297 ſtraffe. der iſt vnweyß. der do iſt guͦt
1975 2288 2674 2341 der ſchoͤpfft die genad vom herren.
1966 2334 2666 2412 wer ſich aber verſicht in ſein gedan
1968 2394 2662 2452 cken. der thuͦt boͤßlich. Der menſch
1970 2434 2666 2505 wirt nit geſterckt auß der gütigkeit
1970 2504 2666 2564 vnd die wurtzel der gerechten wirt
1964 2536 2668 2599 nit bewegt. Das weib dz do liebhat
1964 2589 2662 2658 iſt ein kron irem man̄. vnd die feul
1962 2650 2666 2712 in den beinen. deſs. die do tregt die
1970 2700 2654 2773 wirdigen ding mit ſchande. Die ge
1960 2740 2656 2823 dancken der gerechten ſein vrteyl.
1966 2803 2659 2891 vnnd die ret der vngütigen ſein be¬
