3016 3770
514 426 1586 568 Der ſpruch
341 634 1051 705 einfeltigklich der geet getrewlich.
350 688 1046 757 wer aber boͤſert ſein weg der wirt oſ
357 744 1046 827 fenbar. Der do winckt mit den au¬
353 802 1054 874 gen. der gibt den ſchmertzen. vn̄ der
356 841 1059 919 tor wirt geſchlagen mit den lebſen
356 915 1059 974 Der mund des gerechtē iſt ein ader
365 951 1055 1027 des lebens vn̄ der mund der vngü¬
357 999 1065 1067 tigen bedeckt die boßheit. Der haß
360 1051 1067 1133 erkückt die krieg. vnnd die lieb bede
362 1109 1073 1174 cket alle miſſetat. In dē lebßen des
362 1165 1073 1225 weyſen wirt gefunden die weißheyt
362 1207 1071 1274 vnd die rut auf dem rucken. des der
369 1270 1069 1322 do iſt gebreſtigs hertzen Die weyſen
370 1311 1073 1383 verbergen die wiſſenheyt. aber der
368 1364 1069 1430 mūd des toren iſt nahend der ſchād
374 1411 1065 1487 Die habe des reichen iſt ein ſtat ſei¬
374 1468 1075 1535 ner ſtercke die vorcht der armen iſt
377 1516 1077 1582 ir gebreſt. Das werck des gerechten
376 1572 1081 1650 iſt zuͦ dem leben. aber die frucht des
377 1628 1077 1695 vngütigen iſt zuͦ der ſünde. Der do
374 1670 1081 1746 behüt die lere. der iſt der wege des le
381 1719 1081 1790 bēs aber der do laſſet die ſtraffe. der
384 1768 1090 1835 irret Die lüglichen lebſen verbergē
389 1820 1086 1889 den haß. der do fürbringet dz laſter
389 1877 1091 1948 der iſt vnweyß. In vil rede iſt nitt
386 1921 1093 1989 on die ſünde. wer aber maſſet ſein
386 1988 1093 2059 lebßen der iſt der vernünfftigiſt. die
390 2044 1093 2107 zung des gerechten iſt ein erweltes
393 2084 1094 2159 ſilber. dz hertz der vngutigen iſt ge
389 2129 1091 2201 habt für nicht. Die lebßen der gere¬
394 2185 1101 2253 chten leren manig. aber die do ſein
385 2237 1098 2311 vngelert. die ſterben in dē gebreſten
390 2285 1097 2352 des hertzē. Der ſegē des herrē macht
404 2337 1099 2417 die reichen. in wirt nit zuͦgefügt die
397 2402 1103 2465 zwanckſale Der tor wircket die ſün
397 2448 1110 2513 de als durch ein gelechter. aber die
401 2488 1097 2558 weißheit iſt dem man̄ ein fürſichtig
394 2542 1110 2616 keyt. Das der vngütig fürcht das
397 2605 1111 2664 kumpt auff in. ſein begerung wirt
406 2646 1110 2722 gegeben dē gerechten. Der vngütig
401 2701 1114 2774 übergeet als das vngewitter vnd
404 2752 1105 2814 wirt nit aber der gerecht iſt als ein
402 2804 1110 2889 ewig gruntueſte. Als der eſſig den
1133 600 1834 701 zenen vn̄ der rauch den augen. alſo
1139 664 1835 742 iſt d̓ treg dē die in habē geſant Die
1139 720 1840 792 vorcht des herren zuͦleget die tage.
1139 769 1840 839 vn̄ die iar der vngütigen werdē ge¬
1138 819 1848 891 kürtzet. Die harrung der gerechten
1139 874 1846 961 iſt ein frewd. aber die zuͦuerſicht der
1142 938 1846 997 vngütigen verdirbet. Der weg des
1141 982 1851 1054 herren iſt ein ſterck des einfeltigen.
1147 1034 1851 1099 vnd ein vorcht dē die do wircken dz
1145 1090 1854 1153 übel Der gerecht wirt nit bewegt
1143 1134 1846 1213 ewigklich. aber die vngütigen wer¬
1145 1183 1851 1251 dē nit wonē auff der erd. Der mūd
1154 1237 1858 1305 des gerechten gebirt die weißheit. die
1145 1285 1859 1379 zung des boͤſen verdirbet. Die lebß
1157 1336 1860 1406 en des gerechten mercken die geuel
1154 1395 1863 1470 ligen ding. vn̄ der mund des vngü
1154 1444 1664 1520 tigen die verkerten ding.
1157 1490 1866 1603 Das XI capitel das
1151 1582 1863 1658 man kein betrieglich wag noch maſ
1157 1656 1877 1746 haben vnd in allen dingen gerecht
1174 1706 1334 1796 ſein ſoll
1419 1743 1862 1880 Ie trieglich
1383 1843 1871 1928 wag iſt ein fluͦch bei got
1395 1907 1867 1979 vn̄ ein gerechtz maß iſt
1400 1961 1873 2032 ſein will. Wo die hofart
1169 2003 1871 2076 iſt. do iſt auch laſter. wo aber die de¬
1169 2057 1875 2149 mütigkeit iſt do iſt auch weißheyt.
1169 2116 1888 2185 Die einfalt der gerechten ſchickt ſye
1181 2172 1875 2229 vnnd die vnder pflantzung der ver¬
1178 2219 1884 2283 kertē verwüſt ſie. Die reichtum wer
1175 2271 1883 2340 den nit nütz an dē tag der rach aber
1182 2320 1876 2401 die gerechtigkeyt erloͤſet vom tod.
1175 2365 1895 2442 Die gerechtigkeit des einfaltigē ſchi
1175 2418 1888 2489 cket ſein weg vn̄ der vngütig velt
1178 2485 1887 2540 in ſeiner vngütigkeit Die gerechtig
1183 2530 1895 2606 keit der gerechten erloͤſet ſie. wann
1183 2577 1891 2646 die vngütigen werden gefangen in
1181 2638 1887 2694 iren heimlichen heſſen. So der vn¬
1187 2677 1901 2769 gütig menſch ſtirbet. ſo wirt für an
1189 2728 1889 2808 kein hoffnung. vnnd die harrung
1189 2778 1896 2856 der ſorgſamen verdirbet. Der ge¬
