2786 3730
477 516 1673 666 Hye vahet an die vorrede in das buch
473 629 1660 727 des hochberemten fabeltichters Eſopi
725 731 1788 831 As leben des hochberuͤmtten fabeltichters
736 807 1801 890 Eſopi auß kriechiſcher czungen in lateÿn
744 877 1783 952 durch Remicum gemachet. An den hoch¬
740 946 1792 1024 würdigen vatter herren Anthonium des
736 1004 1797 1094 Titels ſancti Chriſogoni prieſtern. Car
697 1070 1801 1145 dinalen Vnnd fürbaß das ſelb leben Eſopi
308 1132 1794 1208 mit ſeinen fabeln die ettwo Romulus von athenis ſeinē ſu¬
312 1202 1794 1282 ne thÿberino auß kriechiſcher zūgen in latein gebracht hat
315 1269 1783 1345 geſendet. vn̄ mer ettlich der fabeln Aniani. auch doligami.
315 1334 1792 1421 adelfonſÿ. vnnd ſchimpfreden poggij vnd anderer ÿegklich
306 1401 1799 1488 mit jrem titel obnen verczeÿchnet. auß lateyn von doctore
312 1464 1785 1540 Heinrico ſteinhobel. ſchlecht vnd verſtentlich geteütſchet.
308 1530 1790 1610 nit wort auß wort. ſunder ſÿn auß ſin vmb mer erleüterūg
315 1599 1779 1673 wegen des textes offt mit wenig zuͦgelegten oder abgebro¬
315 1666 1783 1736 chen wortē geczogen. czuͦ lob vnd eer dem durchleüchtige¬
315 1720 1792 1805 ſten fürſten herren herren Sigmunden herczogen zuͦ oͤſterei
317 1794 1792 1868 che ettlich ergeczlicheyt darauß zuͦ empfahen. die auch nü¬
315 1861 1785 1944 czlich iſt. wo ſÿ verſtaͤntlichē werdent geleſen. nach der le¬
315 1922 1794 1994 re ſancti Baſilij das der lerer diß buͤchleins verſtaͤntnuß ha
308 1981 1794 2059 be. der pynen gegen den bluͦmen. die der auſſeren farben nit
317 2059 1794 2139 acht habent. ſunder ſuͦchent ſÿ die ſuͤſſigkeit des hoͤnigs. vn̄
315 2124 1792 2200 den nucz des wachß czuͦ jrem bawe das nement ſÿ hyndan.
325 2187 1794 2261 vn̄ laſſent das überig teÿl der bluͦmen vngeleczet. Alſo wer
321 2254 1797 2330 daz buͤchlein leſen will. der ſol die farb der bluͦmē. das iſt die
317 2326 1794 2395 maͤrlach oder fabeln nit groß achten. ſunder die guͦtten lere
321 2389 1788 2475 darjn̄ begriffen. zuͦ guͦtten ſitten vnd tugenden zuͦlernen. vnd
321 2450 1803 2525 boͤſe ding zuͦ ſcheÿhen lernent auſſaugen vnd anſich nemen
315 2521 1788 2599 czuͦ narūg vnd ſpeiß des gemuͤtes vn̄ des leÿbes. wan̄ woͤl¬
317 2588 1799 2679 che das nit thuͤnd. ſunder diß buͤchlin allein von der merlin
315 2660 1794 2736 wegen leſen woͤllent. die bringent nit mer daruon denn der
317 2714 1794 2795 han von dem edlen geſtein. der lieber ein gerſten kernlni het
321 2786 1794 2857 als die erſt fabel Eſopi lernet. Hÿe wirt auch allein die ge¬
315 2857 1794 2940 meÿn außlegūg nach dem teütſch vngereÿmet geſeczt. nit
1564 2918 1714 3024 .a. ij.
