2786 3730
479 1496 1746 1616 O aber ÿederman heÿm gieng. vnnd Eſopus xan¬
472 1594 1757 1662 to nachuolget fuͤget es ſich das xantus geend prun
407 1635 1753 1746 czet. do das eſopus erſahe. ergriff er xantum beÿ dē
265 1718 1755 1811 mantel. vnd ſprvch mein herr merck. Es ſeÿ dann das du
272 1766 1740 1872 mich gar bald verkauffeſt. ſo fleühe ich bald von dir. War¬
270 1849 1749 1933 umb ſprach xantus. eſopus darumb das ich keinē ſoͤlichen
272 1907 1753 1997 herren dienen mag. xantus wie iſt dem eſopus. das du ein
272 1968 1736 2077 herr biſt vn̄ haſt der natur ein ruͦ. ſund̓ harneſt du geent ich
265 2040 1736 2129 merck wol ob ich in deinen dienſtē geſandt waͤr. vn̄ wur¬
270 2107 1748 2188 de mir not den bauch zuͦ reynigen. ich muͤſt das auch geend
270 2168 1757 2270 oder villeicht lauffent thuͦn. xantus ſprach du ſolt dich vm̄
270 2236 1751 2327 diſe ſach nit bekümmerē. ſunder reck deine oren zuͦ dem das
263 2296 1736 2399 ich dir ſagen wil. Darumb das ich dreyerleÿ vngemachs
268 2364 1746 2460 vermeÿd ſo hab ich geend geharnet. Das erſt das die hÿcz
263 2427 1749 2527 der ſunnen. ſo es eben mittag iſt dem haubt nit ſchaden braͤ¬
270 2508 1736 2579 chte Daz ander / das der harn mein fuͦß nit brēnet Das drit
261 2571 1746 2662 das mir der geſchmack des harns nit in die naſen ruch. dÿe
257 2631 1740 2712 dreÿ vngemach hab ich all dreÿ vermiten. ſo ich geend ge
261 2705 1740 2797 harnet hab. Do ſprach eſopus. mich benuͦgt wol an deiner
265 2775 1744 2844 antwurt. Fürbaß als ſÿ zuͦ hauß kament. do ſprach xantus
267 2836 1742 2936 Eſope beleÿb du hie vornen ſteen ein weil biß das ich hÿn
1529 2905 1662 3014 .b. j.
