2786 3730
327 511 1816 634 ein track. vn̄ bedeüt das alter. wan̄ wie ſich d̓ wurm krüm
322 617 1809 693 met vnd in manigerleÿ knoͤpffe ſchlinget. alſo ſtat dem al¬
318 680 1803 762 ter manigerleÿ vngemach zuͦ vnd verworren knoͤpff Des
329 747 1809 827 geleichē habent die poeten thÿer erdichtet. ypocenthaurus
327 807 1816 903 genēnet. die halb menſchen vnd halb pferd ſind. zuͦ bedeütē
329 874 1805 952 die kürcze des lebens. das ſchnell vnd eÿlend hÿnlauft als
329 937 1823 1015 die pferd. Ettlich die ſitten der menſchē zuͦbeweiſen. Als in
333 1009 1809 1082 der fabel Oracij redt ein mauß mit der anderen. vnd die wi
327 1076 1812 1149 ſel mit dem fuchß. vnd werdent all ſoͤlich fabel erdichte. nit
336 1139 1816 1229 das ſÿ alſo beſchehen ſind. ſunder zuͦ bedeüten menſchliches
335 1203 1812 1273 weſen vn̄ leben Alſo ſind die fabeln eſopi auff die ſitten der
333 1271 1809 1355 menſchen geordnet. Vnd wir finden des geleichen in dē buͦ
336 1335 1807 1420 che der richter. do die baume eines küniges begerten vn̄ re¬
336 1400 1807 1465 deten mit dem oͤlbaum. feÿgenbaum. wein reben. vnd praͤn¬
333 1465 1812 1552 berſtauden. das beſchicht ÿe alles die ſitten der menſchen zuͦ
336 1532 1809 1608 bedeüten. das nÿm̄ durch erdichte ding zuͦ der warheÿt der
336 1589 1809 1684 man begeren iſt kōmen müge. Alſo hat auch Demoſtenes
338 1665 1816 1751 der hoch wol lerendt meyſter zuͦ athenis geton gegen dem
329 1719 1809 1812 künig philippo. do er vō den burgern zuͦ athenis begeet jm
342 1796 1801 1864 czehen der weÿſeſten zuͦ ſenden. ſo woͤlt er von der ſtat zÿe¬
338 1861 1814 1941 hen die von jm belegeret was. Do dichtet er die fabel wie
342 1922 1812 1991 der wolff von dem hyrtē begeret den hundt. ſo woͤlt er frid
336 1989 1812 2067 mit den ſchaffen haben. damit wolt er widerraten das d̓ kü
336 2054 1803 2138 nig het begeret. als die fabel in dem leſen eſopi auß weÿſet.
338 2119 1805 2201 wann zuͦ geleicher weiß ſprach der meyſter. Wÿe der wolff
338 2191 1801 2271 von dem hyrten der hundt begerte. darūb das er die ſchaff
342 2255 1812 2331 darnach on ſorg moͤcht würgen. Alſo begeret d̓ künig phi
342 2314 1812 2394 lippus jm überweiſen haubtleüt zuͦ ſenden das er eüch hÿn
338 2387 1809 2463 füre deſter leichter moͤcht niderdrucken vnnd vernichten ſo
342 2450 1809 2524 die huͤtter von eüch kaͤment. Fürbaß ſo merckē den vnder¬
344 2513 1807 2599 ſcheyd vnder fabel. hÿſtori. vnd argument. Hyſtorie ſind
348 2582 1823 2675 ware geſchehne ding. Argument ſind die ob ſÿ nit geſche
342 2651 1812 2734 hen ſind. ſo iſt doch müglichen das ſÿ beſchehen. Als die co
342 2712 1822 2786 medi. terenti. vnd ettlich plauti. vnd der ſelben geleich. Fa
338 2777 1816 2866 bel ſind die. die nit geſchehen ſind. noch müglichen ſind zuͦ
336 2851 1388 2955 beſchehen. wann ſÿ ſind wider die natur.
1580 2846 1749 2952 .a. iij.
