2786 3730
1020 518 2496 653 muͦter hat mir nÿe geſagt in woͤlicher kamer ſÿ mich gebar
1025 631 2485 717 ob das in der ſchlafkamer oder auff dem ſoler beſchehen ſeÿ
1025 697 2489 784 Xantus ſprach. Sag doch was haſt du gelernet. oder was
1021 756 2498 848 kanſt du. Nichtz ſprach eſopus. xantus ſprach. wie kōmet
1034 832 2495 903 das. antwurt eſopus. So diſe mein zwen geſellen ſagendt
1025 891 2504 985 ſÿ künden alle ding ſo habent ſÿ mir nichtz gelaſſen Der ant
1027 957 2493 1031 wurt verwundereten ſich dÿe ſchuͦler. vnnd ſprachen. Beÿ
1031 1018 2504 1108 der weißheÿt gotes. er hat ein guͦte antwurt gegeben. Wan̄
1034 1090 2495 1169 man findet keinen der alle ding künde. darumb hat er vor ſo
1034 1152 2508 1241 jnnerlichen gelachet. xantus ſprach. vnd ſag mir wilt du
1034 1221 2489 1298 das ich dich kauff. Antwurtet eſopus. das ſteet zuͦ dir nÿe¬
1036 1296 2511 1372 mant zwinget dich. doch iſt es dir zuͦ ſÿnn. ſo zeühe die rie
1034 1351 2498 1438 men vnd zele das gelt. wilt aber nit ſo zerreiß den beÿtel. do
1034 1418 2504 1506 ſprachē die ſchuͦler vnder jn ſelber. beÿ got d̓ iſt über vnſern
1032 1482 2502 1567 meÿſter. xanthus ſprach. Ich bit dich ſage mir ob ich dich
1034 1549 2498 1626 kauffe. wilt du nicht hÿnweg lauffen. Antwurtet eſopus.
1036 1621 2500 1698 wann ich das thuͦn wolt. ich deines rates nit pflegen würd
1036 1678 2493 1761 xantus ſprach. du redeſt wol. aber du biſt zuͦ vil vngeſtalt.
1036 1740 2495 1816 Eſopus ſprach. man ſol die geſtalt des leÿbes nit anſehen.
1034 1811 2502 1899 ſunder das gemuͤt vnd ſÿnn des menſchen mercken. Do ſp¬
1034 1873 2498 1956 rach xantus zuͦ dem kauffman. wie achteſt du den. do ſpra¬
1034 1947 2513 2015 che der kaufman. Hoͤr mich du biſt der kauffmanſchaft gar
1045 2010 2513 2089 vnwiſſent. xanthus ſprach als wie. Sprach der kauffman
1045 2076 2500 2154 darumb das du die ſchoͤnen laͤßt vnd den vngeſtalten für¬
1040 2139 2504 2214 nȳmſt. Nÿm̄ einen von den zweyen vnd laß diſen ſein. Sp
1036 2209 2513 2284 rach xantus. Ich bit dich wie gibſt du den. ſprach der kauf¬
1034 2272 2511 2347 man vmb ſechczig pfenning Die ſchuͦler zelten dē kaufman
1044 2340 2495 2428 das gelt vmb jn. alſo ward eſopus xanto. Die zoller als ſÿ
1040 2404 2513 2482 von dem kauff hoͤrten ſagen. wurden ſÿ kluͦgklichen fragen
1045 2471 2511 2546 woͤlcher der kauffer oder verkauffer waͤr. die weil aber der
1044 2524 2513 2603 kauffman vnd xantus vndereinander anlegten wie ſÿ myn
1044 2600 2504 2681 der gelts ſagen woͤlten dann der kauff waͤr. darumb das ſÿ
1040 2664 2504 2758 mÿnder zol gaͤben. So ſpricht eſopus. Das iſt der kauffer.
1045 2725 2509 2815 ſo iſt diſer der verkauffer. ob ſÿ aber beÿd des leügneten. ſo
1049 2801 2517 2871 ſag ich mich ſelber freÿ ſein. des wurdē die zoller über ſer la
1036 2858 2502 2967 chen vnd ſchencketen xanto den zole. vnd lieſſen eſopū freÿ.
