4263 5160
1413 564 2315 675 ¶ Hie hept ſich an dz lantrecht
1413 648 2291 743 buͦch hie nach geſchriben. .j.
1412 711 2302 817 ¶ Als ein man iſt in dem bann
1420 796 2285 909 ſechs wochen vnd ein tag .ij.
1425 857 2284 969 ¶ Vō Conſtanti dē kuͦnig .ij.
1412 928 2285 1033 ¶ Von auchten vnd von ban¬
1402 1003 1934 1098 nen. .ij.
1406 1058 2220 1170 ¶ Vō den fridlichen tagē .ij.
1498 1133 2293 1224 ¶ Ein ander capitel. .ij.
1388 1197 2278 1317 ¶ Von guͦter gewonheit .iij.
1389 1274 2219 1377 ¶ Von den herſchilten .iij.
1389 1339 2266 1435 Der ſeines genoſſē mā wirt .iij.
1395 1411 2259 1530 ¶ Vō keiſer karlis gebotē .iij.
1384 1472 2183 1580 ¶ Vō getaufften iuden .iij.
1389 1550 2254 1659 ¶ Wie man lant taͤding haben
1382 1620 2250 1708 ſol. ſuͦchs am vierdē blatt.
1365 1685 2195 1794 ¶ Von zoͤllen .iiij.
1365 1766 2248 1867 ¶ Aber / wie man lant taͤding
1360 1822 2171 1921 haben ſol. ⁊cͣ. .iiij.
1372 1903 2152 1991 ¶ Buͦß nach gnaden. .iiij.
1360 1967 2242 2066 ¶ Von dem der an dem ſunnen¬
1348 2037 2226 2117 tag feyles hatt. .iiij.
1342 2110 2224 2184 ¶ Der ſich des reiches guͦt vnd̓
1336 2178 2224 2255 windet. .iiij.
1331 2244 2224 2342 ¶ Vō keyſerlichem gericht .v.
1474 2311 2160 2400 ¶ Von vier landen .v.
1322 2372 2212 2502 ¶ Wen̄ man den künig klagen
1331 2458 2130 2536 ſol. .v.
1317 2520 2202 2631 ¶ Wie der künig dem Reych
1307 2590 2141 2681 ſchwert. .v.
1323 2657 2200 2750 ¶ Nieman mag lehē vn̄ gericht
1307 2737 2188 2822 hon er ſey dan̄ ein ſemꝑfrey. .v.
1317 2809 2187 2900 ¶ wer zuͦ künig edel gnuͦg iſt. .v.
1306 2869 2181 2977 ¶ Wer über den künig richtet
1307 2940 2123 3033 vnd vrteil ſprichet. .v.
1299 2997 2158 3109 ¶ Wer über der fürſtē vrteil ge¬
1294 3090 2099 3157 richten mag. .vi.
1293 3145 2051 3221 ¶ Des reiches fronbot .vi.
1284 3202 2159 3300 ¶ Wie mā fronbottē welt .vi.
1277 3284 2158 3393 ¶ Wie man den keyſer bannen
1272 3350 2045 3435 ſol. ⁊cͣ. .vi.
1266 3433 2152 3531 ¶ Wie man den künig kyeſen
1260 3488 2094 3570 ſol. .vi.
1266 3565 2182 3651 ¶ Wer den künig kieſet. .vi.
1259 3633 2151 3719 ¶ Wie die fürſten kyeſent einē
1248 3698 2052 3799 künig das merck. .vi.
2548 587 3426 722 ¶ Wie man fürſten ampt em¬
2561 681 3226 784 pfahen ſol. .viij.
2548 759 3432 859 ¶ Von dē zepter lehen .viij.
2549 826 3430 931 ¶ Von des künigs gewalt .viij.
2553 891 3406 999 ¶ Vō des künigs recht. .vij.
2535 955 3417 1072 ¶ Item wie man lant taͤding
2542 1031 3175 1125 haben ſol. .vij.
2541 1101 3354 1204 ¶ Wie lang man gerichtes
2524 1168 3376 1258 warten ſol .vij.
2541 1227 3421 1345 Wa hin d̓ küng gebietē ſol .viij.
2517 1293 3406 1408 ¶ Wie der künig in allen ſtetē
2517 1376 3396 1474 hoff gebieten ſol. .viij.
2525 1451 3401 1561 ¶ Wie der künig hoff gebieten
2512 1513 3194 1615 ſol. .viij.
2511 1582 3377 1691 ¶ Wie leyen fürſten hoff ſeind
2518 1653 3239 1756 gebieten. ⁊cͣ. .viij.
2512 1730 3389 1827 ¶ Merck ein ander capitel von
2487 1788 3318 1895 den leyen fürſten. .viij.
2506 1859 3389 1966 ¶ Von den erczbiſchoffen .viij.
2506 1934 3373 2039 ¶ Von criſtelichen dingen .ix.
2480 1983 3372 2108 ¶ Von Marggraffen vnd von
2482 2059 3223 2178 pfalczgraffen. .ix.
2487 2126 3217 2242 ¶ Von eygen. .ix.
2482 2198 3365 2306 ¶ Hie nach geſchriben vindeſtu
2482 2285 3354 2391 von hohen dienſt leuten. .ix.
2469 2362 3353 2461 ¶ Hie nach geſchriben vindeſtu
2464 2429 3348 2532 von dreyer hand freyer leut. .ix.
2452 2487 3342 2591 ¶ Von dreyer hand freyen leu¬
2452 2567 3333 2671 ten merck als wir hernach wol
2445 2633 3335 2742 ſagen künden. .ix.
2453 2710 3341 2812 ¶ Vō dreyer hant freyē leutē .ix.
2439 2774 3310 2877 ¶ Vō fünffer hand kind .ix.
2434 2838 3324 2937 ¶ Der ſeinen genoſſen kempffli¬
2434 2917 3330 3009 chen anſprichet. .ix.
2428 2981 3311 3079 ¶ Wie man beweret dz nieman
2422 3047 3301 3149 des andern eygē ſey zerecht. x.
2416 3132 3316 3221 ¶ Ob ein dienſtman wenet er
2415 3184 3300 3301 hab eygen leut merck alſo. .xi.
2416 3260 3305 3358 ¶ Der eygen leut frey laſſet das
2410 3329 3180 3431 mercke alſo. .xi.
2404 3393 3287 3486 ¶ Da tzwen herren eygen lewt
2405 3466 3223 3563 gemein hon. .xi.
2391 3529 3300 3623 ¶ Der ein weib frey laſſet das
2391 3603 3288 3713 merck alſo. .xi.
2381 3663 3073 3794 ¶ Der ein weib frey lat.
