4263 5160
991 666 1854 773 ¶ Was recht lehen iſt. .xci.
991 744 1873 826 ¶ Vō recht lehen vnd erblehen
990 819 1873 903 ¶ Von ſchiltlehen. .xci.
991 890 1873 971 ¶ Von kamer lehen .xci.
985 961 1867 1043 ¶ Wie frawē vn̄ man̄ lehē mit¬
972 1030 1866 1100 einander haben ſollend. .xci.
979 1096 1873 1178 ¶ Ob der man ſeinem weib guͦt
971 1175 1860 1257 dinget. .xci.
985 1235 1873 1309 ¶ Stirpt ein man vor der iarzal
991 1312 1866 1389 ¶ Von kinden .xcij.
985 1363 1861 1461 ¶ Von anfallen. .xcij.
990 1445 1860 1540 ¶ Der ſeinē fründ guͦt auff gipt
985 1514 1873 1603 ¶ Von der fluchtſal. .xcij.
995 1586 1911 1674 ¶ Von der gewer .xciii.
1021 1645 1867 1742 ¶ Vō vnrechter gewer .xciij.
985 1710 1884 1800 ¶ Von tzeins lehen. .xciii.
984 1788 1848 1871 ¶ Von gericht. .xciij.
990 1854 1902 1954 ¶ Von amptmānes lehē .xciii.
971 1929 1854 2007 ¶ Von hoff recht. .xciii.
985 1999 1848 2082 ¶ Ein gancz lehen teding .xciij.
984 2067 1873 2159 ¶ Wie der herr ſeinen mannen
990 2137 1878 2232 von erſt teding geit. .xciiii.
991 2197 1854 2290 ¶ Alles von teding. .xciiii.
997 2270 1854 2364 ¶ Wen̄ der man dem herren le¬
971 2340 1848 2414 hens rechtē wid̓ iſt. .xcv.
979 2417 1854 2484 ¶ Ob der herr vnd der man an
979 2479 1854 2557 einander ſchaden tuͦndt. .xcvi.
979 2549 1848 2643 ¶ Der vor lehenrecht nit ant¬
972 2622 1854 2691 wurtet. .xcvi.
985 2689 1854 2758 ¶ Wie man richter nemē ſol in
972 2749 1860 2845 lehen recht. .xcvi.
985 2825 1866 2897 ¶ Ob der man dem herren das
972 2890 1874 2988 guͦt verleuſet. .xcvi.
985 2961 1861 3067 ¶ Von ſaczung vn̄ des herrē vr¬
972 3024 1853 3119 laub alſo. .xcvij.
972 3100 1884 3183 ¶ Von fluchtſal .xxvii.
1027 3166 1860 3265 Von gewette. .xviij.
985 3238 1873 3313 ¶ Ob der man dem obern herren
985 3302 1848 3397 klaget. .xvij.
985 3380 1873 3470 ¶ Von zeinßlehen. .xcvii.
1021 3437 1860 3512 ¶ Von gewett alſo xxvii.
1021 3501 1878 3605 ¶ Vō fürſten gewett .xcviii.
979 3579 1908 3663 ¶ Aber von gewett. .xcviii.
985 3652 1866 3753 ¶ Der nicht ein pfunt gült hat.
2119 659 2977 759 ¶ Wie man vrteil verwürcket.
2118 759 2977 859 ¶ Der ein vrteil v̓würfft .xxix.
2154 822 2984 927 ¶ Von gerichtes lehen. .xcix.
2119 884 2994 988 ¶ Von vanen lehen. .xcix.
2111 966 3007 1061 ¶ Von gericht. .xcix.
2119 1039 2977 1121 ¶ Wen der künig zuͦ achte tuͦt.
2124 1096 2983 1197 ¶ Vō gelyhem eigen. .xcix.
2124 1175 3012 1248 ¶ Von burgklehen. .xcix.
2108 1231 2983 1320 ¶ Ob ein man ſtirbet die weil
2108 1315 2990 1395 ſein weib kind tret. .xcix.
2118 1382 2990 1470 ¶ Von burgklehen. .xcix.
2124 1454 2983 1541 ¶ Aber vō burglehen. .c.
2119 1532 2983 1606 ¶ Von künigklichen tedingen
2118 1592 2977 1672 ¶ Von burglehenrecht. .c.
2119 1660 2983 1738 ¶ Von vanlehen. .c.
2119 1730 2990 1826 ¶ Von burgklehen. .c.
2125 1790 2983 1881 ¶ Rechtlehē vō burgklehē .ci.
2114 1867 2990 1944 ¶ Ob ein burg zerbrochen würt
2114 1935 2984 2029 ¶ Wer ein burgk vnd burgkle¬
2108 2009 2972 2088 hen teilet. .ci.
2108 2080 2978 2170 ¶ Der ein burgklehen auff geit
2108 2153 2984 2238 ¶ von lehen da czeinſer eyn hoͤ¬
2114 2225 2977 2306 rendt. .cj.
2112 2278 2995 2375 ¶ Wie der herr vnd der man ſa¬
2107 2356 2990 2443 gen ſollend. .cj.
2108 2411 2984 2513 ¶ von widerſagen. .cj.
2102 2489 2991 2574 ¶ von burgk meiſters lehen .cij.
2114 2554 2983 2658 ¶ wie alle recht tze end bracht
2102 2633 2978 2715 ſeind. .cij.
2114 2693 2978 2795 ¶ von bawlehen. .cij.
2108 2758 2990 2864 ¶ Wie zwey dorff vmb ein mar
2102 2829 2997 2922 ke kriegent. .cij.
2114 2893 2991 2979 ¶ Wie der man an den anderen
2114 2964 3008 3057 herren nicht geuolgē mag .cij.
2107 3029 2990 3134 ¶ Wie ein man des herrē gebot
2107 3100 2978 3194 leyſten mag. .cij.
2108 3171 2984 3282 ¶ Der an ſeines herren vngenoſ
2102 3251 2977 3326 ſe geweiſet würt. .cij.
2112 3326 2991 3409 ¶ Hie hat diſes regiſter alſo ein
2108 3379 2993 3498 ende. .ciij.
