4263 5160
876 700 1758 795 die beualh got ſamit Petern bei
889 776 1759 850 de eines von weltlichem gericht
881 843 1758 928 ¶ Das ander vō geiſtlichem ge
894 904 1759 991 richte ¶ Das weltlich ſchwert
877 988 1777 1073 des gerichtes dz leyhet der bapſt
887 1049 1771 1119 dem keiſer ¶ Das geiſtlich iſt dē
887 1115 1770 1204 Bapſt geſeczt daz er damit rich
894 1181 1764 1278 te zuͦ beſcheidelicher zeit auff ei¬
894 1252 1764 1338 nem plancken pfert vnnd der
877 1325 1754 1406 bapſt ſol darauff ſiczen So ſol
889 1411 1754 1486 im der keiſer den ſtegreiff heben
889 1466 1771 1546 an dem auff ſiczen das ſich der
889 1531 1765 1623 ſattel nicht entwinnde Da bey
894 1606 1770 1687 iſt bezeichnet was dem Bapſte
887 1669 1776 1765 widerſtee das er mit geiſtlichez
900 1751 1777 1828 gerichte nicht betzwingen mag
889 1811 1770 1886 Das ſol der keiſer vnnd ander
894 1882 1770 1963 weltlich richter betzwingē mit
894 1960 1216 2046 der auchte.
900 2089 1783 2170 ¶ Als ein man iſt in dem bann
889 2167 1734 2242 ſechs wochen vnd einen tag.
889 2309 1789 2379 ¶ Als ein man iſt in dem banne
887 2362 1782 2455 ſechs wochen vnd einen tag ſo
889 2433 1793 2513 ſol in der keiſer weltlich richter
893 2508 1782 2602 ze auchte thuͦn. Vnd wer auch
889 2572 1788 2662 in der auchte iſt ſechs wochen
900 2640 1782 2713 vnnd einen tag den ſol man ze
906 2721 1777 2806 banne thuͦn ¶ Das recht ſaczte
900 2779 1782 2857 ſant Silueſter der bapſt vnd d̓
912 2852 1793 2930 künig Conſtantinus ſant He¬
906 2929 1788 3001 lenen ſune die das heilig creutz
900 2986 1788 3086 vand Die zwen ſacztent diſe re¬
900 3054 1793 3135 chte vn̄ ander recht ein michel
900 3125 1793 3202 teil an diſem buͦch vnd das ein
900 3197 1792 3289 yeglich criſten menſche das zuͦ
900 3268 1801 3353 ſeinen tagen kōmen iſt Das ſol
900 3336 1802 3431 dreiſtund in dem iare das vogt
912 3406 1795 3485 ding ſuͦchen der eins vnd zwein
919 3474 1793 3564 czig iar alt iſt ſo ſol er dz vogt¬
919 3554 1795 3627 ding ſuͦchen in dem Biſtum da
912 3607 1793 3695 er in geſeſſen iſt oder in dem ge¬
919 3682 1621 3775 richt da er guͦt inne hat.
900 3817 1806 3910 ¶ Von Conſtātino dem künig
2060 657 2941 781 ¶ Der künig Conſtantinꝰ gab
2047 749 2947 842 Silueſtro weltlich gewette zuͦ
2054 830 2953 920 dem geiſtlichē ſechtzig ſchilling
2066 900 2941 978 damit ze zwingen alle die got
2047 970 2947 1047 nicht wolten beſſeren mit dem
2060 1042 2943 1134 leibe das man ſy dartzuͦ zwing
2078 1100 2936 1200 mit dem guͦt ¶ Alſo ſol weltli¬
2072 1173 2947 1258 ches vnd geiſtliches gericht üb̓
2060 1248 2959 1318 einander tragen Was dem einē
2078 1317 2959 1403 wider ſton welle das helff das
2072 1382 2959 1460 an der zwingen gehorſam ze we
2060 1454 2947 1535 ſen vnd rechtz ze pflegen ¶ Der
2072 1535 2953 1614 bann ſchadet der ſelen vnd ny¬
2072 1601 2953 1674 met aber den leib nicht/ noch
2078 1662 2959 1739 krenket an lantrecht/ den volg
2078 1725 2971 1805 dem des küniges auchte nach
2078 1801 2953 1877 verueſtenung/ nymmet dē man
2072 1867 2959 1960 den leibe/ ob er darinne begriffen
2083 1936 2965 2020 wirt/ vnd nicht ſein rechte ſein
2089 2008 2684 2100 lange ere darinne iſt.
2066 2200 3008 2306 ¶ Von auchten vnd von ban¬
2072 2302 2224 2378 nen.
2089 2409 2978 2506 ¶ Vnd kummet ein man in dē
2083 2493 2965 2593 banne/ von geiſtlichem gericht
2095 2563 2977 2637 Vnd iſt dar inne ſechs wochē
2101 2634 2977 2716 vnd einen tage/ man mag in
2083 2700 2978 2791 mit recht vor weltlichem geri¬
2088 2770 2977 2851 chte zuͦ auchte tuͦn/ vnd kum¬
2095 2832 2990 2923 met er vor weltlichem gerichte
2095 2923 2978 2997 ze auchte/ man tuͦt in vor geiſt¬
2095 2975 2977 3065 lichem gerichte ze bann/ vnd kū
2095 3044 2990 3135 met er ee in den banne ee dan̄
2101 3122 2977 3195 in die auchte/ man ſol in auch
2095 3190 2991 3272 ee auß dem ban̄ laſſen Ee dan̄
2101 3257 2984 3332 auß der aucht. Kōmet er auch
2108 3339 2982 3402 ee in die auchte er dan̄ in den
2114 3400 2977 3478 banne/ er ſoll er auß der auchte
2114 3459 2991 3551 kommen ee dan̄ auß dem ban̄
2107 3526 3001 3616 Ein yeglicher richter ſol in auſ
2108 3601 2982 3680 ſer den banden laſſen ee er von
2108 3663 2924 3782 der er eren ſchulde kōmen iſt.
2155 3792 2959 3917 ¶ Von den fridlichen tagen.
