4263 5160
1277 768 2165 877 ¶ Das ander/ ob er ſein eeweib
1289 880 2152 947 varen lat ¶ Das drit ob er gotz¬
1284 939 2152 1020 heuſer ſtoͤret ¶ Das recht hat er
1272 1006 2152 1103 ſo er ze keyſer geweyhet würt
1272 1090 2158 1151 vnd tuͦt er darnach icht einem
1272 1145 2152 1217 biſchoff oder yeman anders/ er
1272 1211 2158 1302 ſol aber dem pfalentzgraffen bey
1277 1282 2158 1369 dem erſten klagē der mag in mit
1272 1362 1813 1436 recht wol bannen.
1266 1470 2164 1584 ¶ Wie man dē künig kieſen ſol
1277 1614 2164 1710 ¶ Als man dē künig kieſen wil
1277 1695 2164 1772 das ſol man tuͦn zuͦ franckfurt
1277 1764 2158 1839 oder auff dem plane vor der ſtat
1284 1833 2158 1922 vnd lat man die fürſten nicht
1276 1897 2158 1988 in die ſtat/ ſo mügen ſy in mit
1271 1971 2158 2055 recht kieſen vor der ſtat. Vnnd
1277 2038 2158 2119 als ſy den künig kieſent/ ſo ſol
1284 2107 2172 2195 er die ſtat vnd die leut ze aucht
1289 2178 2158 2256 tuͦn die darinne ſeindt/ ee das
1287 2252 2147 2330 er von der ſtat var. Vnd als ſy
1277 2322 2161 2407 in der auchte ſeindt ſechs woch
1277 2387 2158 2466 en/ ſo ſol ſy der Biſchoff von
1277 2455 2158 2550 Meintz zuͦ banne tuͦn Vnd als
1295 2535 2153 2618 ſy darinne ſeind ſechs wochen
1289 2602 2158 2686 vnd einen tag/ ſo ſollen ſy mit
1289 2661 2158 2735 recht alle Biſchoff ze bann tuͦn
1295 2734 2158 2828 Vnd wil der künig/ er mag ſy
1284 2801 2082 2909 bringen in des bapſtes ban̄.
1349 2995 2069 3106 ¶ Wer den künig kieſet.
1284 3195 2152 3300 ¶ Welche den künig ſollen kie
1277 3292 2147 3364 ſen drey pfaffen fürſten/ vn̄ vier
1272 3356 2142 3431 leyen fürſten ¶ Der biſchoff vō
1272 3428 2147 3522 Meintz iſt cantzler in teutſchen
1266 3490 2147 3589 landen/ der hat die erſten ſtym̄
1272 3573 2142 3638 an der wal ¶ Der biſchoff von
1266 3636 2142 3708 trier die anderen ¶ Der biſchoff
1284 3704 2142 3774 von koͤlen die dritten ¶ Vnd d̓
1272 3770 2147 3859 leyen fürſten iſt der erſte zwen
1271 3841 1979 3927 an der ſtym̄ zwen welen.
1271 3913 2147 4031 ¶ Der Pfalentzgraff von dem
2466 781 3347 865 Reyne des reichs truchſaͤs/ der
2466 862 3347 944 ſol dem künig die erſten ſchüſ¬
2460 938 3347 1008 ſel für tragen Der ander an der
2460 997 3355 1074 ſtym̄ iſt der hertzog vō ſachſſen
2466 1071 3347 1139 des reiches marſchalk d̓ ſol dē
2466 1135 3347 1218 künig ſein ſchwert tragē ¶ Der
2471 1206 3341 1282 von trier iſt kantzler zuͦ dem kü
2459 1279 3336 1373 nigreich ze arle/ das ſeind drew
2466 1350 3341 1426 ampte die gehoͤren zuͦ der kure
2466 1416 3341 1502 ¶ Der drit iſt der Marggraff vō
2466 1480 3341 1564 brandenburg des reiches kame
2466 1565 3341 1643 rer der ſol dem künig waſſer ge
2460 1625 3336 1705 ben ¶ Der vierde iſt der künig
2471 1695 3341 1768 vō Behem des reiches ſchenck
2471 1759 3329 1840 vnd ſol dem künig den erſten
2454 1829 3336 1905 becher bietē ¶ Doch iſt ze wiſſen
2466 1909 3347 1997 das der künig vō Beham kein
2471 1972 3336 2043 kure hat wan̄ er nicht ein teut
2465 2037 3336 2127 ſcher man iſt/ ab̓ die vier ſollen
2460 2113 3336 2199 teutſch man ſein von vatter vn̄
2466 2186 3329 2251 von muͦter oder von eintwede
2460 2252 3329 2331 rem Vnd wenne ſy kieſent/ So
2471 2320 3341 2409 ſollen ſy ein geſprach gebieten
2459 2387 3336 2465 hin ze franckfurt/ die ſol gebietē
2460 2454 3336 2538 der biſchoff von Meintz bey dē
2460 2524 3323 2614 banne/ vnd der pfalczgraff bey
2454 2606 3323 2686 reyne ſol es gebieten bey der
2466 2657 3329 2748 auchte ¶ Sy ſollen gebieten zuͦ
2465 2750 3336 2812 dem geſpreche irer geſellen die
2460 2797 3323 2882 mit in da welen ſollen. Darna¬
2454 2866 3329 2944 ch den anderen fürſten als vil
2460 2938 3329 3015 ſy ir gehaben mügē ¶ Darum̄
2448 3010 3329 3103 iſt der fürſten vngerad geſeczet
2448 3076 3323 3153 Ob drey an einen vallend Vnd
2471 3156 3311 3230 vier an den anderen das drey
2454 3228 3323 3310 den vieren ſollen volgen/ vnnd
2454 3289 3327 3375 das minder dem merern volgē
2454 3352 3204 3459 das iſt an aller kure recht.
2471 3466 3329 3574 ¶ Wie die fürſten kyeſent einē
2441 3564 2996 3656 künig das mercke.
2448 3697 3323 3774 ¶ So die fürſten kieſent einen
2441 3770 3329 3870 künig/ ſo ſollen ſy auff den heili
2448 3845 3329 3935 gen ſchweren das ſy durch liebe
2441 3914 3293 4012 noch durch leit/ noch durch
