2786 3640
921 597 1712 700 Pelagius ein ketzer. lxx.
925 661 1673 750 Peregrinus ein biſchoff lvj.
925 702 1677 799 Pilgerim worden getoͤttet. cxviij
929 761 1685 850 Permēides. liebhaber der wiſheit xxxij
926 813 1722 897 Perpetuus ein biſchoff lxxij.
926 860 1679 946 Perſius ein tichter lij
932 904 1684 999 Peſtilentz die gar groß was .xlij.
930 970 1689 1048 Peſtilentz die aber groß was. cxx.
938 1020 1699 1095 Peſtilentz die gar ſchwer was xxxvj.
941 1056 1690 1147 Petreius der ſich ſelbs durchſtach xliiij
944 1115 1700 1196 Petronille ein dochter ſancti petri l
947 1161 1697 1243 Petronille der corpel ⁊cͣ. lxx
951 1219 1705 1294 Petronius ein biſchoff lxxij.
953 1266 1708 1346 Petrus ein apoſtel vnd bapſt l
950 1310 1701 1391 Petrus. lxiiij
953 1365 1704 1442 Petrus damaſcenus. lxxxviij
963 1421 1704 1494 Petrus damianus cvj.
966 1459 1713 1540 Petrus alfonſus. cxiij.
964 1512 1710 1591 Petrus abaelardus cviij
961 1562 1719 1634 Petrus lumbard ein biſchoff cx
970 1623 1718 1690 Petrus comeſtor cx.
973 1662 1721 1737 Petrus de tharentaſia xiiij
976 1723 1719 1792 Petrus tharentaſien̄. cx.
979 1768 1720 1840 Petrus der nüw marterer cxiiij
976 1817 1726 1884 Petrus von eliaco cxxij
979 1860 1703 1936 Petrus manienus. lxxxviij
978 1915 1726 1985 Perg der gar groß iſt cxiiij.
1216 1968 1431 2086 PI
987 2054 1738 2138 Pilatus ein ꝟſeher des lands Iudee xlviij
987 2119 1731 2185 Philemon ein liebhaber d̓ wißheit xxxvj
983 2168 1737 2234 Piſthuͦß wurdē durch karolū gebuwē xciiij
982 2218 1737 2286 Philemon lxiiij
990 2273 1741 2334 Philippus ein künig macedonum xxxiiij
993 2321 1737 2385 Philippus ein künig xxxvj.
999 2360 1780 2438 Philippus ein künig ſirie. xliij
1002 2419 1780 2486 Philippus ein apoſtel liij
1002 2468 1755 2537 Philippus ein biſchoff lviij
1005 2519 1754 2584 Philippus prefectus lviij
999 2568 1754 2632 Philippus ein keiſer der erſt lxij.
1002 2622 1751 2683 Philippus ein keiſer der ander lxxxviij.
1011 2667 1758 2740 Philippus ein keiſer der drit. cxij.
1005 2720 1785 2783 Philo der aller verhereſt. l.
1006 2768 1769 2841 Philometor ein künig xl.
1010 2821 1752 2890 Phinees ein biſchoff. xij.
1012 2869 1754 2937 Phinees ein ſun heli xiiij. / lxxxvj
1018 2924 1759 3009 Pipinus ein künig in franckrich der erſte /
1708 578 2515 660 Pipinus ein ſun karoli. xx.
1762 627 2517 716 Pitagoras d̓ erſt liebhaber d̓ wiſheit. xxx
1763 683 2525 767 Pius ein bapſt der erſt. lviij
1766 735 2521 814 Pius ein bapſt der ander cxxvj
1716 792 2534 871 Pius lodowicus ein künig cx.
2042 847 2251 970 PL
1771 936 2540 1035 Placella ein huſfrow theodoſij lxviij
1769 996 2533 1081 Plage die gar grüſam was xciiij.
1777 1037 2536 1133 Plato ein liebhaber der wißheit. xxxiiij.
1776 1096 2533 1183 Plautus der wol redend xxxviij.
1788 1140 2540 1237 Plinius der ander wolredend liiij
1785 1188 2539 1284 Plotius eī wolredēder geſatzte̓ ding. xliiij
1795 1261 2181 1335 Plotinus platonicus
1785 1277 2542 1387 Plutarcus ein liebhaber d̓ wißheit liiij.
2080 1351 2279 1465 PO
1784 1443 2552 1526 Policarpus ein biſchoff lviij
1797 1498 2552 1585 Pompeius trogus lvj.
1802 1550 2549 1636 Pompeius marcellus ratsherren xliiij.
1802 1603 2552 1684 Pontianus ein marterer. lviij.
1805 1655 2559 1735 Poncianus bapſt vnd marterer lx
1808 1699 2555 1786 Porphirius ein liebhaber d̓ wiſheit. lxij.
1813 1754 2555 1835 Potentiana ein Iunckfrow lij
1813 1803 2558 1883 Potentianus ein Iunger ſancti petri lij.
1811 1864 2408 1936 Poſſeſſion vnd guͤter der kirchen
2093 1906 2299 2026 PR
1814 1997 2567 2087 Praxedis ein Iunckfrow lij
1815 2053 2572 2135 Praxedis ruͦwet. lviij
1852 2106 2571 2181 Proiectus vnd marinus mar. lxxxvj
1825 2159 2574 2235 Priamus ein edeler lxviij
1822 2207 2571 2286 Primus vnd felicianus lxiiij
1824 2253 2578 2331 Priſcillianus ein biſchoff lxviij
1828 2308 2578 2387 Priſcus tarquinus ein künig xxviij.
1823 2366 2581 2434 Priſcus ein marterer lxij
1828 2418 2584 2486 Priſcus ein marierer lxiiij
1837 2467 2584 2538 Priſcianꝰ eī merer d̓ kunſt gramatica lxxvj
1832 2515 2584 2585 Priuatus ein marterer lx
1832 2563 2584 2634 Probus ein keiſer. lxiiij.
1835 2620 2586 2684 Prochas ſiluius. xxij.
1835 2665 2595 2735 Proceſſus ein marterer lij
1838 2716 2586 2786 Prometheus d̓ thet d̓ toten menſchen pil¬
1828 2781 2593 2835 der gon vn̄ was d̓ erſt vinder d̓ ſingerring. x
1844 2817 2596 2885 Proſper ein biſchoff equitanie lxxij.
1850 2869 2597 2942 Prothaſius ein marterer lxxij.
1840 2920 2606 3004 Prothus vnd iacinctus lviij
