2786 3640
993 461 1094 572 .ij.
263 711 343 951 Ior der welt.
278 965 362 1148 .vᵐcxcix.
341 580 837 663 Hie hebt an das erſt alter
764 663 865 1081 vnd hat zweituſent jor
404 1056 837 1163 zwei hūdert zwei vn̄ xl.
332 783 395 1144 wert bitz an ſintfluß.
385 682 780 795 Der erſt menſch hat
385 766 776 848 gelebt. dccccxxx jor.
391 820 776 888 vn̄ hat geborn xxxij.
389 865 778 961 ſün vn̄ ſo vil toͤchterē
831 587 1782 721 .cxxx. .ccccxxxv. .dcxxv.
883 812 1026 890 Seth.
883 867 1045 947 dccccxij
1245 799 1397 888 Enos.
1243 871 1405 940 dccccv.
1550 808 1752 896 Chaynā
1563 873 1744 951 dccccx.
884 1052 1792 1142 .iiijᵐdlxxiiij. .iiijᵐdclxxiiij. .vᵐlxix.
276 1130 803 1207 Am erſten jor der welt am vj.
276 1184 804 1252 tag hat got geſchaffen Adam
278 1241 806 1312 in dem acker damaſcheno vn̄
273 1289 797 1352 Euam von einer ſiner rip vnd
278 1344 812 1405 ſatzt ſü in das paradiß das ſü
282 1401 804 1468 wercktent vnnd ſin hütent ver
284 1443 797 1515 bot inen ouch das ſü nit ver¬
276 1496 803 1569 ſuͦchtent d̓ frucht des holtzes
282 1512 1809 1609 by pen des tods. am ſelbē tag alß ſü ſündettēt zuͦ hād warff er ſü vß dē paradiß in dz er
284 1586 1813 1664 trich des fluͦchs dz ſü in ſchweiß vn̄ wid̓wertikeit lebtēt bitz an irē tod. gen̄ am erſten
860 1092 1167 1188 Der Seth iſt ge¬
848 1170 1193 1241 born wordē ī cxxx.
854 1226 1184 1308 jor adams d̓ moy¬
837 1275 1182 1353 ſes hat c. vnderwe
854 1325 1190 1401 gen geloſen in wel¬
843 1369 1813 1462 chē er Abel beweint in dem tal des weinēs by Ebron
846 1435 1807 1494 er ging ouch zuͦ dē paradiß daſ er erwuͦrbē das oͤli der
843 1483 1151 1552 barmhertzikeit.
1220 1121 1807 1184 Der Enos ruff tzuͦ erſt an den na
1231 1178 1807 1230 men der welt vnd fād vilicht et¬
1233 1224 1813 1283 liche bit wort od̓ macht bild got
1233 1281 1807 1357 zuͦ eren alß man ietz in der kil¬
1245 1323 1424 1393 chen tuͦt.
276 1681 915 1767 Augꝰ am xiiij. buͦch vō de̓ ſtat gots
278 1752 911 1824 zwo liebe hand zwo ſtett gemacht
282 1803 905 1866 die irdenſche hat gemacht die lie¬
288 1853 911 1922 be ſinn ſelbs bitz zuͦ verachtung
278 1910 898 1973 gots. die himmelſch die liebe gots
282 1969 883 2034 bitz zuͦ verachtūg ſin ſelbs die fro¬
282 2011 770 2082 wet ſich in ir ſelbs vnd die
282 2061 644 2131 in got die ſuͦcht lob
284 2110 625 2185 vō den mēſchē de¬
282 2167 618 2230 ren iſt got der wiß¬
288 2213 623 2286 heit gezüg dz aller
282 2267 618 2335 groͤſt lob zuͦ der ge¬
282 2318 623 2387 hoͤrt cayn der zuͦ er
290 2373 640 2440 ſt geborn̄ die ſtat ge
290 2423 623 2491 buwen hatt zuͦ der
282 2474 606 2545 abel der ander ge¬
288 2524 612 2592 born̄ vnnd wie ein
288 2579 1310 2636 bilgerin hie. gewebret wē durch genod iſt er vor georde¬
290 2629 1319 2682 net zuͦ dē ewigē leben vn̄ obnen ein bürger geſyn vff dz ou¬
288 2676 1325 2760 ch die ſtat gots erſchin durch beglichūg der wideren ſtatt
288 2722 1186 2798 iſt not geſyn etlich geſchicht der boͤſen zuͦ melden.
795 2028 911 2135 gots
663 2152 844 2240 Die ſtat.
709 2242 894 2322 der welt.
658 2295 900 2387 Die irdiſche
673 2368 911 2438 ſtat hebt an
669 2421 913 2484 von dem tod
648 2446 1125 2539 ſchlaher Cayn. frow cayn
652 2516 1260 2577 bitz vff den todſchlaher Lamech.
940 1679 1104 1759 delbora
947 1748 1115 1809 eī ſchwe
947 1794 1121 1881 ſter abel
946 1910 1096 2041 abel wa̓t
934 2023 1109 2084 vō chain.
930 2072 1096 2150 e̓ſchlagē
921 2217 1102 2318 calmana
944 2293 1106 2364 eī ſueſter
944 2345 1104 2413 vnd huß
1157 1674 1817 1765 Der Abel iſt d̓ erſt maͤrterer geſin vn̄
1161 1742 1817 1811 hat angehobē bie heilige kilchen wē
1149 1794 1811 1860 er iſt in genoden geſtorbē het ſü ou¬
1153 1853 1815 1914 ch angefangen von Adam ſo wer ſü
1153 1914 1811 1969 vnderloſen wordē. dyſer noch dē au
1149 1948 1815 2019 gꝰ ſeit hat gots ſtat gebuwē iſt ouch
1153 2000 1815 2059 der ſelbē ſtat erſter burger geſin vnd
1149 2053 1817 2137 dor vm̄ dz er gerecht was hat got ſin
1144 2103 1508 2179 opffer entpfangen.
1201 2194 1329 2280 enoch
1405 2200 1540 2307 yrach
1628 2213 1744 2280 mana
1628 2272 1748 2335 nehel
1157 2348 1809 2432 In dem Enoch hat Cayn ſin ſtat ge¬
1159 2425 1805 2480 wihet vnd alß augꝰ ſeit im. xv. von d̓
1355 2474 1811 2537 ſtat gots iſt ouch nit vnzī¬
1353 2524 1813 2592 lich das Cayn ein ſtat bu¬
1350 2573 1822 2646 wet ſint das die geſchrifft
1361 2629 1826 2692 ſeit es ſigent kuͦm vier mē
1355 2674 1813 2747 ſchen zuͦ d̓ ſelbē zit gewe¬
1355 2726 1820 2798 ſen wan er zalt nit all die
294 2764 1817 2844 zuͦ den ſelben ziten mochtēt ſyn ſund̓ meint es wer allein not die zuͦbeſtimmē die vrſach
297 2831 1815 2896 hieſch des vnd̓ſtandē wercks. Item der do ſelbs. das gaſchlecht vō Adan durch Ca
297 2884 1817 2949 yn den ſündigen wirt geendet in der eylfftē zal. do durch die ſünd bezeichnet wirt die
288 2934 1817 3021 ſelb zal ward ouch durch ein frowē beſchloſſen von welchem geſchlecht die ſünd ouch
282 2989 528 3077 anfing. X
