2786 3640
743 446 1838 555 Ie gebuͦrt vnd die gebuͦrt wirt lobenn dine werk vnd wirt
739 540 1846 615 din macht verkünden das wirt beſchribē in dem cxliiij pſal¬
743 594 1834 665 mē. ſiteinmal das die vernünftlich übung der heiligen vaͤtter.
741 625 1834 712 nit on groſen fliß erkūt berechnet hat die leuf der zit. iſt kein
754 685 1836 764 zwifel dan das groſer nutz geiſtlichen mannen vnnd mit ſund̓¬
750 739 1832 826 heit denen die zuͦ regieren hant die criſtēlich kilchen do von
741 802 1832 872 enſprieſſe. Iſt ouch nit gloublich das ſolichs eim yedlichen
739 831 1830 920 ſtaͤt der mēſchen groſen nutz bringt iſt eechter ſach das ſie er
743 887 1828 980 hebent ir ougen mit meſigez gemüt. zuͦ den hyſtorien vergan
291 935 1828 1030 genner ding die vmb langer gedechniß willen hochgelert lüt beſcriben hant. wie wol
282 997 1828 1078 ſolichs vil lüt nit vaſt bedenckent furwar es zimpt ſich dannacht das hochwirdig mā
285 1038 1823 1136 zuͦm dickeren mol wider in gedechniß beruͤfent geſicht vorgangenner ding vf das ſü ler
278 1094 1827 1173 nent durch guͦtt exempel ſich üben in erlichen ſachen. vnd moͤgent in boͤſen entwichen
280 1140 1827 1236 dem ſchrofen des verluſt wird ouch das koſtbarlich von dem ſchnoͤden nit geſundert
285 1188 1823 1286 ſo wird die toͤrecht begirlicheit die ir ſelber nüt enzihē mag mit ſchnellez louf ertrengt
278 1246 1817 1329 in der gruͦben der finſterniß dor vmb alß die heiligen doctores geſehen hant das zuͦ ver
278 1300 1811 1389 ſtentniß der heiligen geſchrift vnd zuͦ eim regiment der kilchen ein überlouffung der hy
280 1348 1817 1437 ſtorien eins teils not iſt doch ein verſaumūg aller geſchichtē vnnutz vil halb der ding
278 1410 1817 1485 ouch vnfruchtbarer überleſung überfluſſiger vnd ſchnoͤder ſachē habent ſü vnſ etlich
282 1445 1817 1535 bewert hyſtorien vßgeſunderet. vnd abgethon die verwiſenden fabulen vnd vngeentē
282 1506 1821 1595 gebürten geſipten die nütz zuͦ den ſachen dienēt. iſt ouch alſo durch ir großarbeit ver¬
270 1558 1805 1647 ſchaft das garnoch die gantz hyſtoriē der ziten mit cleinemfliß von yedlichem verſten¬
276 1611 1821 1682 digen nit allein on arbeit ſunder mit groſem woluſt des hertzē mag erkunt vnd veruaſ¬
272 1661 1815 1753 ſet werdē. Es iſt ouch zuͦ der geziert der geſchrift zimlich geſin das ſü ſolicher ſchoͤni
272 1720 1809 1800 nit māgel die allen lüten wie ein durchlüchtendi lucern in einer finſterniß fuͤrzuͦ haltenu
274 1761 1807 1854 was Es ſolt ouch die menſchlich vernunft die do mag lichtiglich begrifen vil ding.
270 1815 1813 1902 nit beroubt werdē eins ſolichen wūſamē angers von mancherley bluͦmē geziert in wel
274 1861 1809 1952 lem ſü find vil exempel der tuͦgent dargegen vermerckt ouch vnredlich geſchichtē. do
270 1923 1805 2000 durch wird gewarnet die abzuͦbrechen die andren ſtonzuͦloſſen. Es iſt fürwar überal¬
268 1963 1811 2056 moß lüſtlich zuͦ wiſſen wie vnſer erſte eltern̄ vō denē wir vnſeren vrſprūg hant geſchaf
266 2012 1809 2095 fen ſind vō got dē oͤbreſten ſchepheer aller ding dor noch wie ſü ir zit verbrocht hant
278 2070 1807 2156 wie ouch die vernüftig creatur zuͦ vnd abgenomē hat in wiſheit tugent macht heilikeit
270 2114 1800 2203 langwirikeit vnd alſo vō andern dingen. ouch in allen dieſen dingē ſich verwūderenn
266 2176 1813 2239 des goͤtlichen regiments wie wūderbar got ſige in ſinen creaturē der on vnderloß de¬
266 2220 1800 2299 nen die er geſchaffen hat verſicht wie groß ſige langwerikeit vnd barmhertzikeit des
260 2282 1805 2357 ſchoͤpfers vnd wie vnerfaͤrlich ſige der abgrūd goͤtlicheer vrteil. wan die menſchlich
270 2334 1803 2423 vernunft die vnd vnzelich ander ding durchflügt mit de federē der innigē beſchoulich
264 2380 1798 2453 heit. ſo erkünt ſuͤ nit allein vergāgen oder gegenwertig ſund̓ künftige ding wan ſü gat
270 2430 1794 2525 von glich zuͦ glichem. wan ouch der ſelben natürlichen vernūft zuͦgefuͤgt wirt ein guͦter
262 2488 1788 2565 wil ſo erhebt ſü ſich gegen got verdrußhalb diſer herberg in zuͦ loben im zuͦ danckē vnd
264 2542 1788 2619 in ſchowlich zuͦ betrachten begert ouch enlidiget zuͦwerden vnd ewenclich zuͦ ſyn by
266 2585 1792 2658 chriſto. dor vmb hebt an dieſe ſchowlicheit in einer wūſamē betrachtūg der creaturen
266 2637 1790 2729 oder geſchoͤpften. vnd endet ſich in eim ſaͤligeren verdruß der ſelben vnd begird deß
