2786 3640
983 456 1064 564 .vj.
330 579 929 689 Das jor der welt. .ijᵐdcxliij.
282 744 462 848 Die linie
284 819 429 886 chriſti.
514 709 666 788 Phaleg
500 772 657 844 hat gele¬
498 827 653 888 bt.
705 807 892 912 ccxxxxix.
745 910 925 1004 .ijᵐdlvj.
1435 585 1676 701 ijᵐdcclxxiij.
1439 711 1593 788 Reu od̓
1443 774 1620 859 Ragau.
1643 757 1763 857 cccij.
1441 929 1700 1002 .ijᵐccccxxvj.
276 954 1812 1058 Der phaleg ein ſun Heber alſo genant wen in den ſelben ziten geſchach die irrung der
282 1035 1812 1109 zungen alß ob er geſundert wer von dē andern wan in ſim hüß bleib die vorig ſproch
276 1085 1810 1153 alſo ouch Augꝰ ſeit dor in erſchein nit ein clein bildūg d̓ gereehtikeit. dz das hüß lidig
284 1141 1812 1203 was d̓ pin alß ob es nit d̓ ſchuld teilhafftig geſin wer. vn̄ merck noch dē ſelbē dz die zal
284 1197 1810 1251 der ſprochē iſt noch d̓ zal der gebuͦrtē geſin. lxxij. aber die zal d̓ voͤlker iſt mher gemert
276 1246 1628 1300 wordē dē die zal d̓ ſprochē wē wir in einer ſproche vil voͤlker erkant hand.
268 1288 1812 1360 Alß mā ſeit ſo iſt zuͦ dyſen ziten adel vfferſtandē vn̄ wiß das adel vil ſatzenhalb vfgeſerzt
276 1344 1812 1410 wordē iſt. die erſt iſt notdorffthalb wan alß anfing zuͦzuͦnemē dz menſchlich geſchlecht
276 1400 1812 1460 vn̄ die lüt zuͦ dē boͤſen geneigt worēt. muͦſt mā verſchaffen dz die guͦtē von de boͤſen nit
268 1450 1806 1510 geleſtret od̓ übermuͤtiget werdēt. dor vm̄ erwelt mā ein mā d̓ gerechter vn̄ fürſiehtiger
276 1506 1810 1572 wer den die andern alß ein oͤbrer einer gemein. d̓ die tugētrichē erhoͤhet beſchirmt die
268 1562 1812 1611 mittelmeſign̄ vn̄ ſtrofft die boͤſē do vō ward d̓ ſelb edel geheiſſen alß über die andern in
268 1597 1812 1665 tuͦgēt geecht do merck dz latin nobilis. ouch ſeit Ihero. ich ſich nüt das in dem adel zuͦ
268 1657 1821 1719 begerē ſige den das die edlen garnoch alß durch notdorff gezwūgē werdēt dz ſü nit wi¬
268 1707 1812 1771 chent vō fromkeit irer eltern. die and̓ ſach was des volks grobikeit vn̄ vnkūnenheit
268 1763 1804 1821 das kein recht erkantniß hat wie wol ſü nochdē fridlich vnd̓einand̓ lebtē wan ſü wo¬
268 1810 1802 1868 rent alſo tuͦm das ſü nichts groß geachten mochtēt dann was do lobt ein gemein opi¬
267 1868 1800 1933 nion des volks dor vm̄ was not do mit das ſü in friden behaltē würdēt das ſü hettēt
276 1920 1808 1985 ein edlen fürſten. die dritt vrſach het von ſund̓licher ſterck ein vrſprung genūmen wan
267 1968 1810 2036 ſo zuͦ wilē dy gemein beſchwert würdēt vō überual der fremdē ſo ließ mā vßrüffen wer
278 2018 1802 2078 yemand d̓ das land vō ſolichen entſchuͤtzen mocht d̓ ſolt für ſich vnd ſinn erbern ewen¬
268 2070 1798 2126 klich habē gerechtikeit des adels alſo ſind vil geadelt wordē. die vierd vrſach würd
263 2124 1798 2186 genūmen vō überfluſſigē richtuͦm wā zuͦ ziten geſchicht dz ſich das gemein volk groͤſer
263 2173 1808 2233 armuͦthalb mit lib vnd guͦt vnd̓wuͦrffen eim richē. do mit das ſü miltretten dz boͤß d̓ ar¬
259 2229 1794 2290 muͦt vnd in dor noch erkanttent alß ein edlē vnd herren. Mā findet ouch adel d̓ durch
261 2273 1794 2350 goͤtlich wiſſagūg vffgeſatzt iſt des ouch wenig iſt. ſyn iſt ouch ein teil beliben aiß in Da
263 2333 1798 2401 uid ein teil bald zergangē alß in Saul Ieroboam vnd etlicher andren. man liſt ouch das
267 2383 1794 2439 vil adelß vm̄broch iſt durch gewalt vnd tyrannē od̓ grimmikeit dor zuͦ glicherwiß et¬
261 2433 1800 2499 lich bald zerſtoͤrt vn̄ verdilgt wurdēt etlich ſtet verblibēt. vnd merck das ſeltē od̓ nye
257 2478 1800 2543 noch inhalt der alten hyſtorien die geſchlecht d̓ edlen in der heydenſchafft lāgwirig ge
268 2538 1802 2605 weſen ſind hoffart vnd tyranni halb. es ſind ouch vil vnd̓ den chriſtē de̓ ſelbē ſach halb
263 2588 1806 2655 verdilgt wordē noch dē alß do ſtot Eccle. am. x. der her hat zerbrochē die ſtuͤl d̓ hoch¬
257 2636 1800 2696 fertigen hertzogē. vnd hat die milten heiſſenn ſitzen an ir ſtat merck ouch das adel nye
257 2688 1800 2748 kein menſch gehaſſet hat wan adel iſt ein guͦt dzdurch ſich ſelb begirlich iſt wie tuͦgēt
257 2742 1792 2808 oder geiſtlicheit. doch hand vil heilgen den adel geflohen groſes ſchadens vnd wyder
257 2787 1800 2854 wertikeithalb die dor in verborgen lit vnd im anhangt das iſt gnuͦgſamlich ereſhinē in
257 2849 1790 2930 dem ꝓpheten Dauid den got ſelbs alſo ſünd̓lich erwelt do durch wirt verſtanden das
257 2893 1514 2982 kem gar wenig zuͦ ſoͤlicher wird vnd erhebung geſchickt geweſen ſind.
