2786 3640
1699 469 1790 566 vij.
956 616 1039 857 Sichionorū
1020 618 1098 853 rich get vff.
1106 564 1258 728 Agialeꝰ
1106 707 1277 792 primus
1104 756 1203 821 rex.
1332 581 1735 684 Alß do ſeit augꝰ im x¬
1332 657 1714 732 iiij. von der ſtat gots
1341 712 1773 790 das rich d̓ ſichioniorū iſt
1340 762 1776 838 vaſt clein geſin von wel¬
1326 802 1776 891 lem d̓ aller gelerteſt var¬
960 849 1782 931 roglich alß vō alten iten ein vrſprūg hat. dor
965 927 1769 982 noch kam es an die von atheniß dor noch an
965 973 1644 1043 die latiniſchen dor noch an die roͤmer.
967 986 1759 1092 Noch dē iſt kūmen Europꝰ der ander künig
961 1070 1776 1155 ſichioniorū vnd hat gewert bitz vff die zit be¬
961 1125 1638 1210 li des prieſtes vnd richters in iſrahel.
952 1189 1043 1512 Dieſer wirt geſeit
1028 1176 1094 1465 chā ein ſün noe
1123 1241 1305 1313 zoraſtes
1123 1292 1296 1358 pri. rex a
1129 1343 1275 1412 ctianoꝝ
1320 1188 1767 1254 Augꝰ ſeit dz dyſer zora¬
1320 1237 1771 1307 ſtes lacht ſo bald er ge¬
1338 1296 1763 1357 borē wart bedüt ouch
1326 1343 1775 1408 dz wūderbaͤrlich lachen
1319 1404 2468 1463 nütz guͦts ſo das allenn gemein iſt in dieſe welt mit weinē zuͦ kū¬
1110 1463 2466 1522 men. hat ouch fūdē die ſchwatz kn̄ſt ward vō nino im krieg über wūdē d̓ ver¬
956 1493 1340 1568 brant im ſine buͤcher.
1389 1503 2476 1586 Die nemliſt ſtat Euſeby vnd der heidē die alte zit beſchriben
1410 1548 1835 1632 hebt gemeinlich hie an.
1765 593 2480 711 Dyſe groſſe ſtad hat ninus gewiteret vn̄
1759 688 2440 783 hat ſü von ſym namen genant niniue.
1794 1347 2270 1425 Die houbtſtad in aſſirien.
1007 1644 1182 1723 Belus d̓
1015 1702 1180 1773 erſt kü¬
1007 1752 1182 1832 nig aſſi¬
1218 1687 1568 1769 rioꝝ hat geregiert.
1218 1750 1564 1822 lxv. vn̄ etlich ſagēt
1216 1809 1548 1875 er ſige ſat̉nꝰ geſin.
961 1854 1852 1930 Man ſeit von dē Belo er hab geregiert in finſter.
961 1925 1843 1984 vm̄ das er ein clein herſchafft gehan hat vnd iſt dē
960 1974 1856 2035 erſt geſin dē irrūg des volcks het für eī got gehaltē
961 2027 1866 2080 do er erkant das er von vil voͤlckern mancherley na
960 2073 1845 2130 menn hat Bel Baal Baalim Beelphegor Beelze¬
960 2122 1851 2196 bub ⁊cͣ. iſt ouch vnordelich vnd groß irrung ī men¬
954 2174 1847 2244 ſchē geſchlecht geſin mher den zwei tuſent jor.:.
1543 1644 1919 1725 Diß rich iſt gar noch
1602 1706 1923 1794 nye in fridē geſin.
2183 1600 2472 1676 Niniue die groß
2191 1662 2478 1723 wirt zerſtoͤrt ī d̓
2179 1710 2483 1790 zit joſue eins kü
2179 1765 2381 1834 nigs jude.
1970 1653 2139 1725 Ninꝰ de̓
1974 1720 2134 1786 ande̓ kü
1980 1771 2065 1839 uig.
2181 1811 2481 1896 aſſirioꝝ eī oͤbſter
2024 1866 2468 1938 fürſt hat geregiert. liiij.
1917 1906 2480 1993 Der ninus durch begird willē
1934 1978 2483 2039 der herſchūg fuͤgt er ſinē noch¬
1928 2029 2478 2100 buͤren krieg zuͦ. ſiteinmol das
1923 2084 2478 2149 das volck noch grob waß hat
1928 2126 2472 2193 ouch noch nit übūg in dē wo¬
1936 2185 2480 2253 fen̄ noch vernunft in kriegen
960 2214 2472 2293 brocht er vnderſich gar noch gantz aſiam vnd iſt worden der erſt oͤberſte fürſt in oriēt.
961 2282 2474 2346 alß er aber vaſt betrübt was vmb ſins vatters Belus tods willē ließ er im zuͦ troſt vnnd
956 2337 2480 2409 freud machen ein bild das ſim vatter glicht. dem ſelben erboͤt er ouch ſoͤlch ere dz er al
958 2375 2480 2457 len übeltetigen vergab vnd ſü frihet die dor zuͦ fluhent. zuͦ des glichniß machtēt vil irē
958 2426 2472 2512 lieben fründē ſolich bild alß aber die boͤſen geiſt ſohēt hoͤflicheit des volcks enthieltēt
956 2481 2472 2561 ſü ſich in den bildē vnd gobent antwort ſeitent ſü werent goͤt vnd hieſent inen goͤtlich
956 2535 2474 2599 er tuͦn. alſo iſt das aller vnſeligſt laſter d̓ abtgoͤterig vferſtanden dz d̓ goͤtlichē maieſtet
956 2594 2464 2683 allerueſt wyder iſt. nam ouch die vnſinnikeit der lüt alſo vaſt zuͦ das man eim das ho¬
970 2637 1596 2696 ubt abſchluͦg der ſü menſchen hieß.
965 2673 2466 2757 X Augꝰ ſeit das vnder vil richen diß ertrichs in welchē jor geteilt iſt gemeinſchafft vn̄
961 2744 2466 2804 geſelſchafft irdenſcher nutz vnnd begirlicheit die wir in eim gemeinē wort heiſent die
954 2793 2464 2877 ſtat d̓ welt ſehēt wir das zwei rich vaſt fürtreffent die andren. das erſt aſſirioꝝ. das an
960 2837 2462 2924 der der roͤmer. ſü ſind ouch der landſchafft noch vnd ordenūg vnderſcheiden. alß ſü d̓
961 2884 2468 2964 zit noch vnd̓ſcheidē ſind. dz erſt hat āgefangē am vffgang d̓ ſunnē. dz nochgend an der
954 2937 2474 3044 ſunnē nyd̓gāg des end iſt geweſen des andern anfang. die andern rich vnd künig nen̄
960 2981 1188 3067 ich anheng.
