2898 3804
417 583 1705 713 Gewaltzbrieff an das hofgericht zuͦ rotweil am xxiii
426 655 1694 753 Eyn gewaltzbrieff eyner appellation an das keyſerlich hofge
417 744 1694 809 richt am xxiiii
417 787 1699 862 Als eyn herr ſeinem diener über alle ſein ſchuld einzebringen
412 857 1697 926 gewalt gibt am xxiiii
417 907 1689 968 Gewaltzbrieff oder procuraturam xxv
421 944 1687 1045 Da eyn burger gewalt gibt vor ſeinem richter auff das hofge
409 1018 1694 1078 richt zuͦ rotweil am xxv
413 1062 1691 1131 Eyn gewaltzbrief gen rotweil durch gericht verhādelt xxvi
417 1125 1683 1187 Eyn guͦtter kurtzer gewaltzbrieff am xxvi
417 1160 1687 1240 Als eyn landßherr od̓ merer iren gewalt geben über eyn ent
407 1223 1691 1322 wert guͦt zeproteſtieren am xxvii
413 1266 1687 1375 Eyn form eyner vidimus anfang vnd beſchluß xxvii
413 1328 1686 1431 Eyn endung am xxvii
412 1391 1687 1458 Forma eyns inſtruments am xxvii
415 1450 1689 1526 Ey andere form eyns geſchafftßbrieff am xxix
413 1479 1687 1564 Eyn vaſt guͦtte form eyner erclaͤrten vidimus am xxix
417 1537 1692 1625 Eyn vergunſtbrieff als eyn herr vergünnt iaͤrlich zeinß zema
407 1594 1686 1694 chen ab etlichen lehenguͤtern am xxix
410 1654 1681 1736 So man eynem burger auß eyner ſtatt vergün̄t zeziehen xxx
417 1707 1676 1788 Eyn vidimus durch eyn notari am xxx
415 1755 1686 1862 Eyn vidimus von eynem prelaten eyns keyſerlichē briefs vor
409 1808 1679 1893 red am xxxi
412 1861 1681 1971 Eyn vidimus eyner küniglichen reformation am xxxi
413 1915 1687 1997 Eyn ander vidimus am xxxi
410 1977 1679 2075 Eyn anfang eyns inſtruments am xxxi
410 2027 1681 2127 Eyn beſchluß eyns mſtruments am xxxii
413 2080 1676 2179 Eyn keyſerlicher brieff am xxxii
410 2135 1679 2232 Quitantz vmb vaͤtterlich vn̄ muͤtterlich erb berierend xxxiii
402 2192 1686 2284 Quitantz vmb heymſteür am xxxiii
410 2237 1686 2324 Quitantz da eyner barſchafft oder ander cleynet zebehalten
402 2290 1681 2381 gibt eyner ſtatt oder andern den er getrawet am xxxiii
410 2359 1679 2452 Wie er fürſt quitiert eī ſtatt vm̄ keyſerlich ſchatzſteür xxxiii
404 2401 1678 2500 Als eī graf eī fürſtē quitiert vm̄ iarlich verſchribe gelt xxxiiii
405 2453 1675 2559 Als eyn herr quitiert eyn amptman eyner rechnung xxxiiii
401 2518 1676 2622 Als eyner quitiert guͤtter halb die er von eine herren enpfan
399 2575 1675 2663 gen hat vnd die wider auffgibt durch erlaubnuß xxxiiii
404 2626 1667 2716 Eyn quitantz vmb ſprüch vnd gelt von einem der ſich ſeines
402 2670 1673 2772 freund gewalt gethan hat am xxxv
402 2735 1663 2840 Eyn quitantz als ein herr von geſchaͤft eins roͤmiſchen keiſers
401 2780 1662 2904 ſchatzung enpfacht von iuden vnd andern am xxxv
