2898 3804
375 568 1658 689 Als eyn ſtatt ſchrabt eynē legaten oder biſchoff inen ir kirchē
382 658 1665 739 mit ablas begaben am vi
385 710 1679 778 Eyn miſſiue gen ro weil etlich abzeforderen am vi
391 778 1658 860 Tagſatzung als etlich eyns ſpruchs nit über eyn komen mü¬
388 821 1671 905 gen am vii
388 874 1670 955 Eyn miſſiue vmb rat am vii
391 940 1668 1011 Abſagbrieff am vii
394 980 1662 1059 Abſagbrieff der ſoͤldner vnd diener am viii
388 1053 1657 1122 Eyn ſandbrieff von ſchieſſens halb mit dem bogen auff aufen¬
385 1100 1663 1169 teür darzuͦ zeladen am viii
396 1143 1665 1228 Antwurten auff die ladung deß ſchieſſens am viii
406 1203 1665 1274 Wie die fürſten ſchreibend dem margrauen am viii
406 1257 1670 1338 Wie die fürſten grauen ſchreibend iren ſtetten am ix
401 1322 1365 1391 Wie eyn fürſt ſchreibt zuͦ eyner freyen ſtatt am
1615 1319 1671 1380 ix
398 1380 1217 1439 Wie eyn graf ſchrebit an den andern am
1613 1375 1662 1446 ix
391 1425 1665 1497 Wie man ſchreibt eyn gleytzbrieff auff eyn marckt am ix
401 1476 1671 1552 Wie gefürſt vettern gegen eynander ſchreibent am ix
402 1533 1684 1618 Wie eyn ritter an den andern ſchreibt am ix
401 1579 1665 1665 Wie die von erford an eyn fürſten ſchreibend am ix
401 1641 1658 1715 Wie eyn ſtatt ſchreißt an eyn fürſten vmb gelts wegen am x
398 1700 1673 1773 Wie die ſtett vnder eynander ſchreibend am x
398 1750 1668 1850 Eyn verantwurt da ettwar gegen eynem fürſten oder herren
394 1816 1674 1882 verclagt ſind am x
401 1863 1671 1937 Als man vmb eyn beyſtand ſchreibt vnd bitt am x
401 1914 1658 1992 Als man vmb irrung oder anders zuͦ der guͤtlicheyt od̓ rech¬
394 1975 1668 2038 ten auff eyn gemeyn mit geleichem zuͦſatz komen iſt vnd den
390 2033 1676 2098 ſelben gemeyn bittet ſich der ſachen zebeladen am xi
401 2077 1679 2141 Eyn fürdernuß vmb antwurt am xi
398 2125 1671 2196 Als nit antwurt worden iſt vn̄ vmb antwurt wider bitt xii
399 2186 1679 2256 Antwurt deßhalb gegeben auff die antwurt am xii
402 2236 1681 2339 Eyn miſſiue an vnſern heyligen vatter den bapſt am xii
398 2285 1678 2360 Eyn miſſiue an den roͤmiſchen keyſer am xii
398 2344 1671 2417 Eyn geſchrifftlich miſſiue von mordtbrand wegen am xiii
398 2412 1668 2468 Eyn guͦt freund dem andern am xiii
394 2463 1674 2529 Eyn miſſie zuͦ antwurt am xiii
401 2513 1671 2578 Als eyn herr eyn edelmann bitt mitſchuldner czeſein vnd im
402 2570 1673 2632 verhelffen ſiglen am xiiii
401 2624 1674 2700 Als man eyner ſach endūg bittet die lang gehangē iſt xiiii
401 2676 1671 2768 Als eynem geſchriben wirt die ſachen vor recht hangend cze
394 2731 1674 2821 enden am xiiii
