2102 2796
774 625 856 717 hern
723 705 837 773 infuls:
907 520 1902 617 Stars als man zalt Tausent funffizig vnd zway
907 600 1023 655 iarn¬
874 652 1898 705 Herman apte der funffte/ ain Graf von Winter¬
907 701 1905 764 thur/ der ist gewesen der erst mit der Infelen Bega
908 751 1896 816 bet worden von Babst leone dem Neunden. Nun
901 805 1909 866 als die geschrift sagt, des aptes vetter ayn Hertzog
910 855 1906 929 von Braunschweig. Herman starb Tausent funff
907 894 1283 980 vnd sechtzig iarn.
903 998 1889 1055 Hainrich apt der sechst/ zu der aptey Bezwungen.
901 1054 1902 1115 des geschlechtz findt man nit anders dann das Er
904 1106 1902 1177 auch ayn geborner herr gewesen sey Starb Anno
899 1148 1708 1240 domini Tausent vier vnd sibentzig iar¬
907 1247 1905 1309 Seligerus appt der sibende, Was vor Ritter ayn
899 1304 1898 1371 Freyherr von Wolhausen/ vmb das Im ettliche
899 1350 1896 1419 kind ertruncken/ ward Er bewegt gaistlich zewer¬
906 1395 1905 1476 den/ vn̄ gieng mit drey oder vier sunen in dis gotz
904 1442 1902 1519 haus, vn sein gemahel fraw Hedwig taͤd des glich
903 1505 1906 1574 en/ ward auch ain gefurste apptissin/ zum frawen
904 1551 1907 1616 Wünster Zürich-Diser apt hat auch dem gestiffte
901 1605 1905 1663 vil guͤtz zu bracht. Starß anno rem Tausent Neun
904 1659 1902 1741 vnd neuntzig vnd gaß die aptey willigklich appt
899 1697 1217 1772 Rūdolffen auf.
894 1790 1891 1864 Rüdolff apt der achtend/ was vor kamerer/ ꝺes ge¬
903 1850 1902 1928 schlecht findt man auch nit grundtlich anters dan
899 1903 1898 1976 das Er ain geborner herr gewesen sei. Starb anno
894 1949 1690 2044 domini Tausent hundert vnd ain iar-
890 2035 1895 2113 Gero apt s̄ neündt, von dem (seiner geburt halb)
894 2105 1906 2199 list man auch wie von dem naͤchsten/ hat zum ersten
