2102 2796
172 511 1185 592 angefanngen die Sillbrugk, die der gemain man
172 577 1191 634 des deuffels brugk haisset/ mit grossem kosten zebu
178 625 1185 707 wen-Starb anno domini Tausent hundert vnnd
178 681 701 755 zway vnd zwaintzigiarn.
181 778 1194 846 Wernher apt 8 zehend, ain freyherr von altburen
178 832 1190 894 Starb anno Tausenthundert zway vnd viertzig
172 885 1173 939 iar-Bey ditz apt wernhers zeitten (als ich glaub)
181 932 1188 994 ist sant Adelrich ain geborner Hertzog von Swa
183 983 1188 1046 ben/ mitsampt seyner muͤter ain stiffter in der vff¬
172 1047 1194 1102 nowe Lustor vn Conuenter ditz gotzhaus gewesen
178 1085 1199 1144 vil aines hailigen leßens/ ligt in der vffnow Begra
178 1141 274 1215 ben-
181 1241 1179 1303 Rüdolff appt der ainlefft, des namens der ander¬
178 1303 1191 1351 von geBurt auch ain herr vnd doch vnwissent ꝺs
177 1340 1190 1406 geschlechts namen, ist mit gewalt wider seine ney¬
178 1393 1192 1444 der durch küng Conraden bey der aptey behallten
187 1447 1194 1513 Stars anno dni Tausenthundert ain vnd siben¬
177 1499 439 1588 tzigisten iar.
181 1590 1191 1667 Warinus apt der zwoͤlfft, ain Graf von Rappers
183 1651 1185 1707 wil/ ward mit gewallt von seinen freunden einge¬
183 1700 1192 1765 setzt, Ist von kayser Friderichen von Swaben,
178 1759 1191 1813 widerumb ausgetriben/ durch anruͤffung des La¬
181 1809 988 1893 pitels/ hat geregiert ain iar vier monat-
178 1892 1197 1959 Wernher apt der dreyzehend, des namens der an
178 1954 1190 2015 der, als ettlich schreibent ain Graf von Toggen¬
178 2010 1194 2060 burg/ ward von dem obgemelten kayser vnd dem
183 2057 1191 2108 Capitel zū abbte iung erkozen zu Seckingen, vnd
187 2107 1199 2174 Opt geweicht Zürich zum frawen münster, Gaß
