2102 2796
171 518 1187 613 ain Freyher von Winiden/ was vor Custor gewe
182 605 1189 668 sen-Stars zu Chum in lamparten alda Begraben
177 641 1180 715 Anno domini Tausent zwayhundert sißen vnnd
178 705 565 780 sibentzigisten iarn¬
178 794 1187 872 Petrus apt der neüntzehend, auch ain Freyher von
182 852 1185 911 Schwanden/lyeß sich in dem Regiment wol an¬
178 912 1194 965 den erschluͤg der Blitzg mit vil antern erbarn leuͤten
182 945 1190 1017 in vnser frawen Lapell zu zuge, Anno dmi-Tau
193 1013 1187 1077 sent zwayhundert achtzig iar/ ward hoch geklagt.
178 1096 1187 1163 Hainrich apt der zwaintzig, des namens der an¬
178 1135 1194 1218 der/ ain Freiher von Güttingen. Starb im Sloß
189 1214 1198 1281 pfeffikon Anno dni Tausent zwayhundert acht vn
184 1265 1195 1317 neuntzigisten iarn. &s muͤter was ain Gräfin von
182 1313 448 1396 Nellenburg •
196 1407 1196 1477 Johannes apt / der ain vnd zwainzigst, ain Frei
183 1457 1196 1525 her von Swanen/ auch furmünder der aptey ꝺes
190 1507 1201 1581 gotzhaus zu Engelberg das da zemal vast mechtig
187 1557 1200 1623 was ain prelat hoches lobes wirdig, außbündiger
190 1603 1206 1674 vnd seliger regierung / hat inn vnd vor dem Gotz
193 1656 1206 1722 haus vil gebawen/ vnd gaß zeletst die aptey willig
193 1718 1203 1777 klich auff wider menngklichs willen/ Diser Beredt
193 1756 1209 1822 Hertzog hannsen von Osterreich/ von des wegen
190 1811 1209 1877 kung Albrecht von Osterreich Römischer künig er
190 1857 1191 1922 mordt ward, das Er ward ain gaistlicher brueder
199 1899 1213 1975 legt Im an das brueder klaid vnd den orden darin
194 1960 1210 2051 hertzog hans in buͤßfertigem leben starß im ellend¬
196 2042 1200 2135 Johannes apt / der zwen vnd zwaintzigst / des na¬
199 2115 1196 2214 mens der ander/ ain Freyherr von Hassenburg
