2102 2796
369 577 997 671 Des gotzhaus vier Probsteien
189 638 1213 715 Die erst im Gotzhaus sol ain brobst sein 6 die welt
198 706 767 764 lichkait aines aptes regieret.
196 746 1215 811 Die anter probstey-ist zu Sannt Gerolt zu frysen
196 811 1210 874 hat sant Gerolt ain Hertzog von Saxen mit zway
196 869 1217 915 en seinen hailigen Sünen gestifftet Hainrichen vn
196 905 1217 969 Lomo vnd an ditz gotzhaus vor vil hundert iaren
193 958 1218 1023 gegeben/ die sune sind worden Sant Benedictz or
193 1008 1215 1066 den Im gotzhaus Ainsidlen Sant Como was et¬
193 1057 1220 1132 wan techan/ sind auch bey dem vatter zu sant Ge
189 1116 558 1193 rolden begraben.
193 1210 1217 1275 Die dryt Probstey, ist das gotzhaus Vare an der
198 1271 812 1342 lindtmagt dem flusse gelegen¬
193 1309 1220 1382 Die vierd probstey ist zerstöret, vnd yetz ayn dorff
196 1366 1229 1424 vnd gericht mit klainer anzaigung ainer probstey
189 1424 1059 1504 genant Erlibach am Zürich See gelegen.
378 1510 1013 1595 Dar nach sollent im gotzhaus
401 1579 858 1669 ein vier hoche ampter
189 1679 1175 1730 Ain Techn sol des aptes gaistlichkait regieren
196 1728 1228 1826 Item ayn senger sol zu hochen tagen andern Im
198 1785 552 1875 Chor vor singen.
215 1861 1220 1968 Item ain Custor zū ꝺem hailtum vn̄ &en gotzhaus
197 1937 372 2022 zierden.
211 2017 1223 2133 Item ain kamerer sol sein ayn pfleger vn̄ furmůn
198 2085 666 2184 der den iungen herren.
198 2184 1218 2275 Item aber sollend sein drey Empter vnder den naͤch
