2102 2796
936 491 1845 569 Item der Erst der Thumbprobst von Basel.
940 545 1869 624 Item der ander ist der Thumproßst von Chur
936 612 1780 685 Item der drytte ist der probst von Zürich
1181 686 1641 774 Von der Cast vogtey
1190 754 1681 834 des Gotzhaus ainsideln
933 837 1932 915 Item weyter ist von kayser Otten dem Ersten vn̄
942 907 1923 961 fur vnnd fur von andren Kömischen kaisern vnd
925 960 1926 1010 küngen des Gotzhaus Ainsideln halb verordnet
925 1006 1928 1070 Das ain yegklicher Römischer kayser oder künig
928 1069 1933 1123 Oberaster Castuogt sol sein / habent dem nach vor
933 1109 1935 1172 zeitten als vns Castuogten den Fursten von Oster
930 1161 1923 1215 reich do zemal alda lantzherren Die vnnder Last¬
933 1203 1920 1268 vogtey vnd des gotzhaus schirm befolchen/ vnnd
927 1258 1935 1323 zuͤ schirm herren gemacht vn geben. Solliche Cast
933 1314 1937 1381 vogtey ist durch kaiser Sigmunden in ander weg
936 1362 1935 1452 versorget vnd angesehen So ich durch kurtzwillen
943 1411 1209 1510 fallen laß 7c.
936 1539 1935 1628 Von den Hochen amptern/ 8 Weltlichkait. Aber
936 1618 1941 1672 weyter sind solliche weltliche ampter/ von kaysern
936 1665 1941 1744 vn̄ küngen ꝺem apte geordnet zun Ainsidlen Naͤm
940 1716 1436 1793 lich hernach geschriben.
942 1801 1933 1887 Item ain Graf von Habspurg landtgraf in Elsaß
951 1871 1938 1930 sol sein ꝺes aptes Hofmaister. Darumb Er zu leche
945 1920 1938 1984 hat das Schloss vn die Herschafft kyenberg. Des
951 1966 1941 2034 Grafen vnder Hoffmaister sol sein der Ritter oder
943 2014 1942 2094 Edelknecht von Wolraw, dem nach der von schel
948 2072 1133 2167 lenberg.
