2102 2796
157 441 1168 537 Des abtes Marschalck sol sein der Graf von Rap
160 529 1164 593 perswil vnd vber das blut zerichten. Vogt vnnd
165 567 1174 643 statthalter/ hat darumb zelehen Schlos vnd Stat
166 634 1175 681 Rangerswil/ Sonn der was von der purg obästen
166 683 1182 747 gratte vnd schne schmeltze sich gen Ainsieln richte
164 727 1179 787 oder herfluisset, Des vnder marschalck sol sein der
169 786 888 837 Ritter oder Edelknecht von vrikon¬
169 818 1183 892 Des aptes Truchses sol sein der Freyher von We
166 866 1175 933 diswil/ des hat Er auch zelehen die herschaft We¬
172 913 1183 990 diswil/ vnder truchsess sol sein der ritter oder Edel
172 982 737 1046 knecht von hum̄brechtykon.
166 1016 1184 1087 Des apts Schencke sol sein der Freyher von vster
169 1072 1191 1145 des lehen ist auß elte verblichen/ des vnder schenck
175 1137 1069 1191 ist der ritter oder Edelknecht von liebenberg.
166 1155 1188 1244 Des apttes Sässeltrager, so der vnder der Infeln
175 1224 1197 1299 gat, sol sein der Frey von Regensperg. Vnd vogt
172 1272 1192 1350 der probstey zu Vare / hat darums zelchen dieselben
175 1339 1192 1399 vogtey/ Des vnder amptman sol sein der von Cro
171 1386 752 1446 naw ritter oder Edel knecht.
178 1423 1194 1495 Des aptes kuchenmaister. sol sein der Freyher von
172 1478 1194 1557 kempten/ hat darumß zelehen die: ogtey zu kempt
178 1529 1203 1592 ten aller gotzhauß guͤtter/ ꝺes vnter kuchenmaister
184 1579 1188 1665 ist am letsten gewesen der Meysse von Zuͤrich wap
181 1648 400 1713 pentrager.
178 1681 1187 1760 Der Probstey vogt zu Sant Gerolt sol sein 8 graf
187 1748 1196 1804 vom weyssen fan, Ist yetz der Freyher von Bran
181 1785 1197 1850 dis/ hat dieselben vogtey mit andren mer darumb
181 1847 367 1915 zſ lehen.
187 1884 1200 1951 Der probstey zu Erlibach vogte, sol sein der Frey
187 1938 1200 2006 her von Tengen/ ist yetz Graf zu Nellenburg. hat
193 1988 1207 2085 darumb zu kußnang am Zuͤricher See vil guͤiter le
184 2048 425 2142 hen gehept¬
