2120 2768
121 442 1154 511 Cießringt man den abt Sotschaft von einem closter
115 506 1151 564 lag am zurrich See hieß Senaw do man begert sant
121 555 1105 647 Heynrad zehan in das Closter die iungen zeleren.
222 671 314 768 de
124 1806 1161 1898 Der aßt sant er synen Ohem sant Weynraten zu einen
127 1890 1160 1951 schulmeister / do mit er de schatz im von gott vertruwet
123 1941 1157 2001 zu de gewyn syns herren in vil vßteilet. Vnd als er et¬
121 2000 1157 2056 we vil zyts vnd iaren do gewesen was vnd sich do mitt
127 2048 1158 2140 geuͤbet/ ꝺo zoch in sin gewissen in die wijstin/ dar zu ward
915 2102 1073 2187 a iiij
