2120 2768
107 452 1132 534 schentz willen vß komen / vnd wenn die iungen münche
107 520 1123 587 sprachent. Meister wir hant fisch genug / So spracher
103 582 1123 647 almoll / wir sollen noch mee fischen. Das thet er darüb
101 626 1123 693 das er die wüstin wolt daß besehen / ob sy im gelegen wer
99 683 1123 764 dar in zewonen. Vnd die wüstin gefiel im wol syn le /
94 729 602 801 ben darinne zu volbringen.
100 784 1130 868 Hie sucht sant Peynrad ein flecken in der wüstin.
222 865 407 987 H.
159 935 291 1009 Köllte
