2120 2768
971 499 2012 583 vn̄ als in beducht by sißen iaren alt / ꝺz sels kint zu den man
977 572 2011 634 gottes inging vn̄ Lettet mit im / redet ouch ands after
977 631 2019 679 hand mit im vnd wie wol diser bruder die stym solcher
977 675 2017 731 red hort, möcht er doch de syn ende wort nit vston/ diß kint
980 720 2010 782 kam ouch zu de wachenden brueder vn manet in etlicher
980 776 2016 832 Ding, die doch der brüder veriach im verboten syn wyter
977 828 2011 883 zu sagen, Durch kurtze wißen verschwig ich hievil an
979 880 2010 927 dere schöne wunderwerck so man doch warlich von im
973 922 2020 989 geschriben findt. Nun was zu walrowe gesessen ein
980 988 2021 1041 Zymmerman, der begieng sich des waldes, der fant sät
982 1031 2019 1082 Weynrad in dem wald in syner zellen / den wondert
977 1079 2017 1145 seer das do ein lieblicher mensch in der grossen wüste
973 1134 2007 1191 vor den wilden tieren beliben mochte, der selbe zym
973 1180 2010 1233 mer man thett den luten zu verstan, das ein geistlicher
971 1231 2012 1281 mensche in dem finstren walde gesessen were, vnnd do
971 1280 2012 1339 ward offenbar syn wonung vnd wesen an dem zurrich
989 1332 2016 1386 See gar wyte in das sant/ Also das in die lüte do heim
969 1386 2012 1448 suchten mit ynnikeit. Als aber dem zymmerman gebe
973 1433 2020 1489 ren was ein iunges kindelin von syner frowen. So lieff
971 1479 2023 1543 er in den wald/ vnd bat sant Weynrat das er als wol
976 1535 2019 1596 thette luterlich durch gottes willen/ vnd mit im gienge
977 1582 2017 1643 gen Richtischwite vnd ime syn kind vß dem touff huͤbe
980 1638 2020 1694 Das thet der Heylig man gern/ vnnd mit gantzen fliß /
971 1687 2021 1749 vnd ward syn geuatter. So ward er wider erkannt in
981 1731 1225 1814 dem lande.
