2120 2768
277 459 963 551 Von den zween mordern die sant
282 543 801 627 Dey nrat ermordet hant/
600 1705 703 1813 R.
853 1731 1033 1822 quarante
118 1843 1133 1941 Noch dem aber gottes fründt sant Meynrad in di¬
124 1907 1142 1992 ser wuͤstny sechs vnd zweintzig io¬ sin leben vertriben vn̄
124 1965 1136 2022 sich in dem dienst gottes / mit wachen / beten vn̄ abbruch
124 2019 1132 2091 aller weltlichen ding gefestiget het. Begab es sich durch
118 2066 1133 2130 ungeſung des syndes der durch den mundt der schlan
112 2126 1132 2189 gen die erste menschen betriegend vß de paradis vtreib
115 2167 1132 2280 daß zween moͤrder an den zürchsee komen die waren biirtig
