2120 2768
127 424 1142 518 gert do vnsers getruwen rottes/ oß nach diser geschech
122 484 1146 566 ner worheit yme oder do kiemen Bischoff nach yme mii¬
126 543 1146 613 glich oder zymlich durch wißens willen syn hende dar
117 576 1152 664 an zulegen / des hetten wir der obgenant leo der Gabst
126 639 1129 718 rot der erwirdigen mannen vnser mit bischofen der na
117 685 1143 776 men her noch geschriben sint/ Hatto ein ertzbischoff zü
120 742 1139 830 Wentz-Bruno ein ertzoischof zu köln. Anno ein Bischof
111 797 1134 872 zu worms Otto ein bischoff zu wildenschin, Octo ein bi¬
120 842 1139 933 schoff zu Wirmadonien, Ockenbald ein Bischoff zii straß
113 890 1136 981 burg / Hartiberg ein bischof ze Chur /'Egghart ein abt
117 944 1139 1026 vsser der Richnow / Burckhart ein abt zu sant Gallen
113 1003 1125 1092 vn de nocht vil erber mannen mit deren rot mir die wy-
113 1047 1136 1128 hin der vor genanten cappellen wöllent bestetigen das er
111 1101 1130 1184 veste vn de stette belibe ymer ewenclich/ vn̄ das der selbige
104 1148 1132 1241 Bischoff Cünrat von Costantz noch dheiner syner nach
108 1196 1125 1285 kumen hinna für sine hende daran nymer gelegen sol¬
111 1246 1128 1336 das gebieten wir by gewalt vnd by gehorsame der hohen
103 1299 1125 1401 Himel fürsten sant peters vnd paulus vnnd aller vnser
115 1365 1012 1451 vorfaren / vnd ouch vnsers babstlichen gewaltes.
170 1407 1129 1494 Verums durch gebette vnd meinung vnsers lie
229 1465 1129 1550 Aben suns keisers Otten der sunderlich die selben
118 1540 1127 1602 cappessen ließ hat vnd der seligen frowen from
99 1569 1128 1652 Adelheiten syner wirtin mit rat der vorgenanten vnser
102 1613 1121 1707 bruderen vn̄ bischoffen gezucknissen gotlichs vii geistliche
104 1676 1130 1755 gerichtes vn by de bann des obresten erwirdigen gotes so be
112 1736 1129 1813 setzen wir vnd gebieten allen den die cristlichen namen
108 1774 1120 1867 haben wer der mensch ist gewaltig oder ungewaltig /
103 1837 1115 1915 geistlich oder weltlich die wider vnser gebott oder hant
109 1891 1128 1972 festung freuelich thete / oder wer das vor genanten gotz
99 1936 1127 2012 huß oder da Heime syner armer lutte, oder güte die es
108 1981 1123 2081 getz hat oder hienach mitt gottes vnd by der luit hilff yor=
99 2043 1125 2119 met gewinnet aß züchet, wie das beschicht an gunst des
100 2077 1128 2200 besseren vnd erwirdigen teils des afis oder des gemey /
