2780 3602
1033 304 1140 402 iii
345 369 1796 474 ben in libzo Trenorum-iiij. Denigrata est super orbones fa
355 463 1791 559 cies eorum et non sunt cognoti in plateis. ht antlucz Ist vil
336 517 1787 617 schwerczer dan die kolen daub sein sij nit erkant in ꝺe gas¬
347 593 1792 684 sen-wir sullen auch außtün dz vntem klaid 8 vnkeüsheit
351 667 1796 747 als vns sant pauls leret do er spricht-Odientes eam que car
345 714 1792 832 nalis est-ir sullent hassen dz do fleischlich ist dz vntein kleid
344 792 1791 895 d vnkeüscheit- vnd sullent auch außtuͤn die zerissen poͤsen
342 850 1787 957 kleidn d'Hoffart-Dauon spricht Salomon prou&biorus
344 922 1787 1015 iii. Inter superbos seper sunt iurgia. Vnter ꝺe hoffertigen
351 986 1791 1074 seind alwegen krieg. kein vntugent zereijsset mer dz kleid
345 1065 1791 1159 selen ꝺen die hoffart-Vn̄ darumb so leret vns heut paulꝰ in
345 1125 1792 1225 d epistel dz wir dz klaid auß sullen tuͤn gegen δ zuͤkunfft des
345 1187 1792 1284 himlisch en künigs do er spricht-Eiciamus ergo opem tene
340 1248 1794 1353 brarum, Wir sullen von vns werffen die werck d vnster
335 1322 1789 1427 nuß-das seind die sünd- vnd antuͤn die waffen des liechtes
345 1389 1787 1489 dauon ist geschriben in.iii. ca. hester, Non enim erat licituz in
349 1452 1787 1550 dutum sacco aulam regis intrare. Es ist nit zimlich dr ijemant
340 1512 1785 1622 in eine sack klaid geklaidet sol geen in des kumgs sal. Also
345 1584 1791 1682 sol niemant tretten in die heijlige zeit des aduents mit de sijn
349 1657 1792 1747 ꝺe/ als dauid spricht. Coͤcidisti saccū meū et circuͤde disti
345 1709 1783 1829 me leticia. Ou hast meinen sack zerschnitten vnd hast mich
355 1794 1789 1887 gekleidet mit freüden (Zu ꝺe andn mal söllen wir vns zie
349 1858 1787 1943 ren mit ꝺen klaid der tugent als vns sant pauls leret do er
342 1912 1791 2010 spricht Induimm arma lucis. Ir solt antſn die waffe des
355 1986 1776 2076 liechtes, dr ist d8 gelaub- ganöze hoffnung vn̄ goͤttliche lieb
349 2049 1791 2149 das sein die waffen des ewigen liechtes-dassein die klaid der
349 2109 1787 2223 himlischen hochzeit wer ô nit hat zu ꝺe wirt gesprochen als
351 2180 1785 2277 geschriben steet Mathei-xxij, ca Amice quomo huc intra
353 2250 1787 2337 sti non habens vesten nuptialem. Dauò spricht Petrus-j
355 2315 1783 2404 eplam. iiij. t. Caritas operit multitudinem pccantoru. dije lieb
347 2377 1780 2491 kleidet od bedeckt die manigfeltikeit der sunden, das ist dz
349 2440 1791 2547 mynnendt klajd vnd das güldin klaijd damit beklaidet
349 2500 1791 2617 ist die my iment sele als ꝺauid spricht. Astitit regina a dex
345 2576 1796 2686 tris tuis. Es steet ein kunigin zu deiner rechten hand geklei
345 2630 1796 2764 det in einem vergulten klaid & zu ꝺem dritten mal sūllen
1657 2735 1789 2851 a iii
