2780 3602
1040 422 2474 529 wir vns bereiten gegen vnserm herrê ihu cristo, dr ist ein
1035 526 2468 597 heimlich gemach des himlische künigs das wir in darinen
1035 594 2468 662 wirdigklich entpfahen, als geschriben ist -j. regū-ca-xxij.
1035 655 2472 739 Pre parate corda vraͤ dn̄o-c-Bereijtent eüer hertz de her
1030 735 2468 791 ren vii dient de allein. Zu ꝺe vierde mel sullen wir mercken
1031 787 2468 874 wie wir im entgegen sölle geen dz sullen wir tuͤn mit ꝺe eſten
1035 852 2463 924 des ölbaumbs-dassem die sechs werck der parmhertzikeit
1037 920 2468 1003 vn mit den palmen d warheit-dz lert vns. ꝺauid ƒo er spri
1031 981 2466 1062 cht Misericordia et veritas obutauerunt sibi, Die barmher
1030 1053 2463 1119 tzikait vnd die warheit seind mi entgegen gangen Wir söl
1030 1118 2459 1186 len barmhetzig sein gegen dem arme miiren nöten, das lee
1031 1180 2466 1261 net Tobias sein sun vnd sprach. Du solt barmhertzig sei
1026 1241 2468 1327 hast du vil so solt du vil geben/ Quoniam elemosina ab om
1021 1311 2456 1396 ni peccato et a morte liberat. Das almuͤsen löst denmen
1030 1378 2459 1449 schen von sünden vnd von dem ewigen tode- vnd last des
1026 1444 2450 1521 menschen sel nit komen in die ewigen vinsternus-Es ist
1022 1501 2459 1587 auch das almuͤsen die groͤst hoffnug vor dein oͤbersten got
1022 1571 2465 1643 allen den die sij tuͤn. Estote misericordes luce - vj-Vn̄ dar
1024 1632 2456 1722 umb söllen wir barmherczig, wir sullen auch warheijt haben
1033 1715 2454 1796 vnsers lebens das vnser leben in d warhait seij. Ein jegk
1022 1765 2456 1844 licher mensch sol die warheijt te den mit seinem nechsten
1031 1835 2447 1914 wan̄ et ist die warheit ꝺem er entgegen geet/ vii wer mitt
1021 1900 2450 1979 im sein wil der muͤß warhafft sein als ꝺauid spricht. On̄e
1026 1971 2454 2036 quis habitat in tabernaculo tuo Herr wer sol mit dire wonen
1022 2034 2456 2102 in ꝺeinem sal wer die warheit in seinem herezen tregt/ vn̄
1015 2097 2443 2196 kein trogen wort redt auß seinem mund - Hic accipiet bene
1026 2152 2454 2244 dictionz a dn̄o. Der wirt den ewigen sagen nemen vo got¬
1033 2219 2450 2300 Et sic miscdia et veritas obuiauerunt sibi- also seyn im
1021 2300 2441 2361 entgegen gangen das volck von isael/ mit den palmen vnd
1021 2359 2447 2445 ölbaumen, das ist barmherczileit vn gerechtikait [Zu dem
1024 2414 2447 2515 lecxten mal sullen wir mercken wie wir disen kunig ꝺ eren
1024 2477 2438 2570 söllen entpfahen das sullen wir thuͤn mit grossen eren vnd
1022 2556 2441 2635 wirdikait des lobs O sanna filio dauid, Lob vn̄ere sey
1026 2606 2447 2692 gesagt dem sun dauid   ꝺo komt gebenedeiet vii gese gnet
1026 2689 2447 2793 in ꝺe namen des herren-Des baben wir ein figur an Ꞻe altê
