2780 3602
1024 366 1115 464 vi
366 473 1811 537 visch schreijen werden das ir geschreÿ geet auff zu de hym
364 531 1810 613 mel. Das vierd zeichen das das mere vnnd alle wasser
369 607 1810 675 werden brijnnen. Aber die zeichen sullen alle geschehen in
364 662 1815 746 dem mere. (Das fünffte zeichen alle baum graß vn kreii
366 738 1813 811 ter werden pluten. Das sechste zeichen das aller pawe
366 793 1801 875 an heusern pürgen-steten vnd kirchen werden nijder fal¬
364 858 1810 946 len. (Das Sibent Zeichen ist das sich alle steyne vn̄ velß
375 924 1813 1009 zuͤsamen schlähen vnd erspalten, dauon werde alle men
364 991 1813 1079 schen erschrecken vnnd erpidmen Das acht zeichen ist
373 1062 1813 1139 das sich ein geleicher erdpidem erheben wirt in der gantz
369 1137 1813 1209 en welt. (Das Neünde zeichen ist das alle berg vnnd tale
373 1186 1819 1275 sollen geleich werden in allet welt (Das zehent zeichen
366 1269 1815 1342 ist-das dije leüt auß den hoͤlen d berg koͤmen gegangen be
360 1320 1819 1402 trubet vn vermuͤdet das sij int mer muͤgen gereden. [Das
369 1397 1817 1471 eilfft zeichen das das gebeijne alles komt auß den greberen-
369 1464 1808 1537 (Das zwelfft zeichen das die stern vallen von de firmament¬
366 1528 1815 1604 [Oz dreizehent an ꝺe dreisehende tag sterben die leut dije
369 1600 1817 1670 noch lebendig seyn das sij mit den todten zu gericht koͤmen
375 1655 1813 1733 Das vierzehent auf de tag brijnt himel vn erde vn̄ wirt
366 1710 1813 1808 geleütert mit de feur. (Oz fünffczehend zeichen geschicht
364 1777 1810 1866 an de fünffczehenden tag. also wirt erneüert hijmel vn̄ erden
366 1853 1810 1935 So steen dan̄ auff alle mentschen ein jegklicher mit seinem
366 1912 1819 1997 leib als es auff erdtreich gangen ist, vii werden dann nijmer
366 1990 1813 2062 mer sterben vnnd koͤmen dan für gericht ꝺo wirt das ein
366 2052 1815 2135 ijegklich mensch geurteylt werden nach seinen wercken-dije
366 2117 1813 2199 guten die komen dann zu dem hijmelreich- vnd die poͤsen
373 2186 1822 2268 zū der helle pein. Tunc videbunt filium hominis vementem
366 2233 1813 2332 in nubibus celi-Dann sehen sij des menschen sijn komend
369 2313 1808 2392 in den wolcken des hymels Ido erunt signa in sole-darumb
373 2366 1824 2468 sullen zeychen geschehen an ô sünn vn̄ an de mon von seiner
369 2452 1815 2534 zu kunfft. (Zu ꝺe andern mal söllen wir mercken wie vn
373 2506 1813 2603 ser herr zuͤkunfftig ist als vns ꝺas evangelium saget / Cum
369 2570 1815 2668 potestate magna/ Mit grossem gewalte, wann er das ge¬
375 2630 1821 2732 richt besiczen will über alle menschen lebendig vn̄ tod-vn
373 2714 1828 2806 alle verporgen gedancken d menschen werden do geoffenbort
