2786 3730
322 495 1807 616 ein track vn̄ bedeüt das alter-wan̄ wie sich ƒ wurm krům
309 618 1807 687 met vnd in mangerleij knöpffe schlinget, also stat dem al¬
324 682 1803 760 ter manigerley vngemach zu vnd verworren knoͤpff Des
332 747 1807 831 geleichē habent die poeten thijer erdichtet-ypocenthaus
326 818 1807 898 genemnet, die halb menschen vnd halb pferd sind, zu bedeüten
322 888 1816 959 die kùrcze des lebens- ꝺas schnell vnd eylend hijn lauft als
324 937 1816 1015 die pferd-Ettlich die siten der menschen zu beweisen. Als in
326 1008 1814 1078 der fabel Oracij redt ein maus mit der anderen- vnd die wi
335 1073 1816 1151 sel mit dem fuchß- vnd werdent all sölich fabel erdichte/ int
330 1140 1808 1229 das sy also beschehen sind, sunder zu bedeüten menschliches
333 1203 1812 1276 wesen vn̄ leben Also sind die fabeln esopi auff die sitten der
330 1268 1812 1356 menschen geordnet, Vnd wir finden des geleichen in de bu
330 1335 1803 1421 che der richter-do die laume eines küniges begerten vii re¬
335 1399 1816 1464 de ten mit dem oͤlbaum-feijgenbaum· weinreben- vnd praͤn¬
330 1464 1812 1535 berstanden, das beschicht je alles die sitten der menschen zu
333 1524 1812 1609 bedeuten/ daz nijm durch erdichte ding zu der warheijt der
330 1592 1808 1686 man begeren ist koͤmen müge-Also hat auch Demostenes
335 1661 1807 1747 der hoch wol lerendt meyster zu athenis geton gegen dem
333 1725 1808 1812 künig philippo, ꝺo er vonden burgern zu athenis begeet im
339 1792 1801 1864 zehen der weijsesten zu senden, so wolle er von der stat zwe¬
333 1859 1812 1939 hen die von im belegeret was. Do dichtet er die fabel wie
335 1924 1814 1997 der wolff von dem hyrten begeret den hundt-so woͤlt er frid
335 1993 1816 2077 mit den schaffen haben, dannt wolt er widerraten das d̄ ku
330 2067 1812 2125 nig het begeret, als die fabel in dem lesen esopi auß weyset¬
335 2118 1808 2196 wann zu geleicher weiß sprach der meyster-Wije der wolff
335 2190 1805 2267 von dem hyrten der hundt begerte, darumb das er die schaff
341 2257 1820 2334 danach on sorg mocht würgen. Also begeret ꝺ kumg phi
345 2321 1816 2393 lippus im über weisen haubtleut zu senden ꝺas er euch hijn
333 2386 1812 2460 füre dester leichter mocht nyderdrucken vnd vernichten so
337 2451 1808 2535 die huͤtter von eüch käment-Fürbaß so mercke den vnder¬
348 2522 1810 2602 scheyd vnder fabel-hijstori, vnd argument-hystorie sind
341 2583 1820 2667 ware geschehne ding-Argument sind die ob sij nit gehe
341 2650 1816 2734 hen sind, so ist doch müglichen das sij beschehen. Als die co
341 2714 1816 2786 medi-terenti vnd ettlich plauti, vnd der selben geleich-Fa
335 2779 1818 2876 bel sind die-die nit geschehen sind noch müglichen sond zu
1578 2848 1754 2952 -a-iij-
330 2851 1391 2960 beschehen, wann sij sind wider die natur¬
