2786 3730
1202 513 2458 662 Sopus ist allzeijt seins lebens uͤberflüssig zū der ler¬
1192 620 2451 708 nung gewesen von ꝺem glücke eijgnet knecht auß
1102 681 2464 791 der gegent phrigia ꝺarinnen troja gelegen ist/ von
992 753 2455 848 ammonio dem weyler geborn. Er het für ander menschen
992 822 2453 913 ein langes vngestaltes angesicht, einem grossen kopff-gespi¬
995 885 2458 981 3te augen schwarczer farb-lang backen, einen kurtzen halß
992 953 2464 1049 groß waden-breyt fuß-ein groß maul-fast hoferot-zerblaͤten
992 1029 2462 1108 bauch- vnd das an jm das bösest was er het ein überträge
992 1086 2462 1178 zungen ꝺarůb er ser stacz get. aber mit listen gescheijdigkeit
992 1143 2462 1238 vnd manigerley schimpff kallen was er über die maß bega¬
995 1213 2464 1301 het. Als aber sein herr merckt das er zu burgerlichen wercken
1001 1297 2464 1376 vntaugenlichen was-sendet er in in das gru ꝺas feld zu bau
997 1356 2467 1430 wen-Auf einen tag als der herr in das geu geriten was sam
992 1420 2464 1500 let dermair ꝺes hofs zeijtig feijgen, vnd antwurtet die dem
997 1487 2462 1568 herren vn̄ sprach. Herr nym hyn die ersten frücht diß jares
992 1549 2462 1625 von deinen aͤckern der herr was fro vn̄ sprach-beij heijl daz
988 1625 2464 1706 sind überschoon seygen, vn̄ schuͤff mit seinen knecht agatopo
992 1671 2460 1761 daz er die seygen naͤm vnd die behielt biß daz er wider auß
992 1748 2469 1827 dem bad kaͤm. Von geschicht sunget es sich ꝺas esopus von
997 1816 2460 1890 acker kam sein taͤglichs brot zu holen nach seiner gewon¬
997 1868 2469 1958 heijt-Agatopus & die feijgen waren beuolhen, als er zwu
990 1932 2462 2037 von den selben versucht het-sprach er zu seinen mitgesellen¬
995 2000 2467 2107 wenn ich meinen herrn nit forcht ich wolt die feygen allessen
995 2066 2460 2160 das nit eine über belyb, Do sprach sein gesell-laͤßt du mich
995 2144 2460 2225 mit dir essen so find ich ein weg das vns kein ubel darumb be
992 2199 2466 2300 gegnet-do sprach agatopus wie tuöcht daz gesein- antwur¬
995 2276 2469 2357 tet er-wenn der herr von bad kombt so sprich zu m. O her¬
992 2328 2467 2416 esopus als er von acker komen ist/ hat er dije feygen all ge
988 2398 2467 2477 essen So sich aber esopus von trange wegen seiner zuͤgen nit
995 2469 2469 2536 kan versprechen, so wirt er geschlagen: vn̄ werden wir vn
997 2532 2460 2616 sern lust mit den feijgen erfullen. In der weil als sij der ding
1005 2593 2451 2675 eins wurden assen sy die feÿgen eine nach der andern vn sp
995 2661 2462 2740 rachen vnder in selber O du armer esope wee de inen schultern
997 2723 2467 2826 also wurden die feijgen all von in geessen. Als aber der herr
997 2786 2458 2861 von de bad koomen was-begeret er im die feygen für zusetz
999 2852 2462 2973 en - sprach agatopus O mein herr, ꝺo esopus heut von acker
