2786 3730
998 543 2472 664 rach esopus zu in. Ir guten mitknecht- als jr sehent das ich
998 626 2489 723 kleiner vn̄ krencker bin so wollent mir ein leichte pürde ord¬
1000 706 2478 786 nen Do sprachen sy - so du dan nicht mit magst-so trag auch
1004 773 2476 861 nicht z- ꝺo sprach esopus, so jr aber all arbeytend- so ist auch
1009 833 2483 916 nit zimlich das ich de herren allein vnnücz gesehen werde/ do
1015 890 2487 985 sprachen sij, so nyn̄n was du wilt-Esopus besahe alles
1015 978 2485 1041 das zuͤtragen was seck-matratzen vnd die koͤrb- viï et sahe
1013 1022 2487 1125 einen korb mit brot geladen den jr tzwen sölten tragen haben
1013 1087 2491 1169 vnd sprach zu in-den korb lassent mir-do sprachent sij 't wie
1015 1162 2483 1234 Ein grosser narr ist er-er hat einer ringen bürde begeret- vnd
1009 1217 2487 1299 erwoͤlt im selber die schwaͤrsten, wir wöllen im es wol gün
1015 1294 2493 1381 nen Esopus nam den korb auf sich mit de brot- vn fürgien
1024 1351 2494 1441 ge die anderen gar weijt-darab wunderten sij vii sprachen¬
1024 1415 2494 1500 der ist nit traͤg mit der arbeijt er ligt vns allen ob mit tragen
1017 1476 2426 1582 er ist seines gelts wol wert er trunͤg ꝺen esel zu der bürde,
2041 2331 2125 2396 Tte
1022 2415 2502 2530 Cohit sölichen worten verspoteten sij Esopum Irer czwen
1032 2528 2500 2612 nur als vil truͤgen als er allem. Aber ꝺo esopus vor inen zu
1043 2587 2493 2660 einem berg kam. do lüd er ab seinen korb von den achseln¬
1037 2658 2507 2723 vnd nam in fürsich an die arme vnd ergreyffet in mitt den
1037 2723 2504 2801 zenen. vnd gienge geringklicher hynauff vnnd kam weijt
1043 2781 2500 2857 vor den andern an die herberg Do sij aber allsampt hinauf
1039 2846 2507 2965 kament schuͤff der heer mit inen das sy ruen sölten ein weil
