2786 3730
269 518 1758 640 tus zu dem kauffmann, wie achtest du den haͤrpffen schla¬
267 619 1767 701 her-Antwurt der kauffman vmb tansent pfenning, dar be
269 692 1758 770 ꝺaucht pantum zuͤ vil sein- vnd gieng zu dem andern vn sp
267 750 1763 836 rach, Von wannen bist du Antwurt er- ich byn van Lidia
267 828 1756 898 rantus sprach. Was kanst du aber würcken, antwurtet er
258 890 1758 971 Waz du meijnest Do das esopus hoͤret, ward er aber uͤber
269 946 1754 1042 ser lachen-Do das die schuͤler ersahen, sprachen sij, Wie kon
267 1014 1758 1098 met es der lachet zu allen dingen. Do sprach der ein zu dem
269 1077 1756 1163 anderen Wilt du ein stincken der bock geheyssen werden, so fra
269 1152 1756 1234 ge in warumb er lache, kantus fraget den kaufman- wie er
273 1214 1762 1298 den gramaticum gaͤbe, der antwurtet vmb dreijtausent pfen
267 1285 1758 1363 ning-darüber do schwig eanthus, vnd trat hindersich hyn
267 1352 1758 1419 weg. Do sprachen die schuͤler zū xanto Vnser gebietter vn̄
264 1416 1758 1481 meyster dise knecht geuallen dir nicht 2. Antwurt vanthus
260 1474 1763 1546 Ja sij gefallen mir wol-Aber es ist ein gesaczt in vnser stat
269 1545 1763 1629 dan nyemandt kein eygen mensch so teure sol kauffen-wan
267 1608 1762 1700 wöllicher das über fure der würde hart gestraffet. Do spra
269 1679 1758 1754 che ein schuͤler Herr gebieter So du ꝺam nach dem gesacz
273 1733 1771 1818 die schoͤnsten int kauffen magst, so kauff den ꝺes geleich in
273 1806 1762 1894 vngestalt nijndert ist, der wirt dir geleich so wol diene als
273 1872 1758 1950 dise-so wollen wir das gelt vmb in bezalen Das waͤr vns
275 1937 1760 2020 ungehoͤrt sprach kantus, so ist auch mein weÿb so zart daz
267 2005 1752 2093 ir kein dienste von einem sölichen knecht empfengklichen waͤ¬
269 2072 1756 2158 re-Do sprachen die schuͤler-Meyster-du hast manigerley
275 2150 1762 2212 geschafftes- darinnen dein weyb nit vnwillig wirdt so er
273 2207 1763 2283 die schafft, Do sprach kantus, wir wollen in doch vor syn
275 2276 1752 2354 fragen war er doch gelernet hat, daz wir daz gelt nit durch
275 2354 1754 2414 verachtung verlieren Erkeret sich zu Esopo vnd sprach¬
284 2394 1762 2487 Ich gruͤß dich knab Do sprach esopus, ich bit dich laß mi¬
273 2461 1758 2543 ch vnbekümmeret vantus sprach, Ich gruͤf dich- vnd ich
275 2532 1769 2605 dich sprach esopus-xantus sprach-biß int muͤlich vnd ant
275 2597 1762 2682 wurt auf meine wort Sag von wannen bist du-sprach eso
275 2668 1763 2762 pus von dem fleysch-xantus sprach-ich frag ꝺas nit-Sage
277 2725 1763 2812 wo bist geboren Esopus sprach in meiner muͤter leijb- van
269 2796 1763 2878 thus sprach, daz frage ich auch nit-sunder beger ich von die
279 2867 1767 2958 an wölchen ende du gehoren seyest-Esopus antwurt in
