2786 3730
1013 526 2496 660 muͤter hat mir nije gesagt in wolicher kamer sij mich gebar
1019 630 2480 712 ob das in der schlafkamer oder auff dem soler beschehen sey
1019 712 2496 783 Xantus sprach. Sag doch was hast du gelernet-oder was
1019 773 2504 849 kanst du-Nichtz sprach esopus-xantus sprach, wie kommet
1019 840 2498 916 das-ant wurt esopus, So dise mein zwen gesellen sagen dt
1022 887 2502 983 sij kinden alle ding so habent sij mir nicht z gelassen der ant
1022 957 2493 1030 wurt verwundereten sich dre schüler- vnd sprachen-Beij
1022 1026 2513 1121 der weißheijt gotes, er hat ein güte antwurt gegeben. Wan
1028 1087 2504 1164 man findet keinen der alle ding kunde, darumb hat er vor so
1026 1152 2504 1247 innerlichen gelachet/ xantus sprach, vnnd sag mir wilt du
1028 1232 2504 1322 ꝺas ich dich kauff, Antwurtet esopus, das steet zū dir nije,
1024 1288 2513 1370 mant zwinget dich, doch ist es dir zu sijnn, so zeühe die rie
1033 1349 2511 1420 men vnd zele das gelt-wilt aber nit so zerreiß ꝺen beijtel-do
1037 1418 2513 1507 sprache die schüler vnder in selber beij got d ist über vnsern
1028 1485 2507 1565 meÿster, zanthus sprach, Ich bit dich sage mir ob ich dich
1022 1550 2502 1619 kauffe-wilt du nicht hijnweg lauffen, Antwurtet esopiis¬
1024 1617 2509 1703 wann ich das thuͤn wolt-ich deines rates nit pflegen wſrd
1022 1682 2504 1762 xantus sprach du redest wol-aber du bist zu vil vngestalt¬
1028 1755 2504 1822 Esopus sprach-man sol die gestalt des leijbes nit ansehen¬
1033 1820 2504 1902 sunder das gemuͤt vnd sijnn ꝺes menschen mercken. Do sp¬
1028 1892 2498 1955 rach yantus zu ꝺem kauffman, wie achtest du den, do spra¬
1033 1954 2509 2013 che der kaufman-Hoͤr mich du bist der  kauffmanschaft gar
1037 2009 2513 2089 vn wissent- xanthus sprach als wie-Sprach der kauffman
1043 2074 2509 2145 darumb das du die schönen läßt vnd den vngestalten für¬
1033 2152 2509 2214 nȳmst-Nym einen von den zweyen vnd laß disen sein. Sp
1032 2208 2513 2283 rach kantus. Ich bit dich wie gibst du den-sprach der kauf¬
1024 2283 2513 2340 man vmb sechtzig pfenning Die schuͤler zelten & kaufman
1033 2340 2509 2413 das gelt vmb in-also ward esopus kanto. Die zoller als sy
1039 2407 2511 2481 von dem kauff hören sagen, wurden sij klugklichen fragen
1035 2463 2513 2543 wölcher der kauffer oder verkauffer waͤr-die weil aber der
1035 2526 2513 2604 kauffman vnd kantus vndereinander anlegten wie sij myn
1039 2599 2507 2673 der gelts sagen wölten dann der kauffswaͤr-darumb das sij
1033 2665 2511 2738 mijnder zol gaben. So spricht esopus, Das ist der kauffer¬
1043 2727 2511 2807 so ist diser der verkauffet, ob sij aber beijd des leügneten, so
1043 2797 2533 2872 sag ich mich selber frey sein, des wurden die zoller über ser la
1032 2855 2513 2981 chen vnd schencketen kanto den zole, vnd liessen esopum frey-
