2786 3730
920 1327 1463 1476 in quaestanten
459 1485 1744 1619 O aber ijederman heijm gieng- vnnd Esopus pan¬
426 1573 1755 1673 to nachuolget fuget es sich daz kantus geend prun
420 1656 1753 1744 Etzet, do das esopus er sahe, ergriff er vantum beij ꝺe
268 1717 1745 1810 mantel- vnd spruch mein herr merck. Es seÿ dann das du
260 1784 1745 1857 mich gar bald verkauffest, so fleuhe ich bald von dir, War¬
264 1853 1753 1933 umb sprach pantus, esopus darumb das ich keinen sölichen
270 1907 1755 1996 herren dienen mag-rantus wie ist dem esopus, das du ein
262 1974 1740 2080 herr bist vn̄ hast der natur ein ruͤ-sund harnest du geent ich
268 2046 1744 2125 merck wol ob ich in deinen diensten gesandt wär-vn̄ wur¬
270 2112 1740 2186 de mir not den bauch zu reynigen. Ich muͤst das auch geenꝺ
268 2173 1747 2266 oder villeicht lauffent thuͤn-pantus sprach du solt dich vn̄
270 2236 1740 2316 dise sach nit bekümmere, sunderreck deine oren zu dem ꝺas
264 2296 1740 2388 ich dir sagen wil. Darumb das ich dreyerleÿ vngemachs
270 2377 1745 2455 vermeyd so hab ich geend geharnet. Das erst das die hyz
268 2429 1747 2515 der sunnen- so es eben mittag ist dem haubt nit schaden brä¬
262 2494 1744 2580 chte Daz ander, das der harn mein fuͤß nit brenet Das drit
264 2578 1740 2658 das mir der geschmack ꝺes harns nit in die nasen ruch/ d'je
257 2632 1749 2712 dreij vngemach habach all dreij vermiten so ich geend ge
258 2704 1740 2781 harnet hab. Do sprach esopus mich benugt wol an deiner
260 2764 1740 2849 antwurt-Fürbaß als sij zu hauß kament-do sprach kantus
258 2827 1740 2950 Esope beleijb du hie vornen steen ein weil biß das ich sijn
1530 2909 1667 3013 =b, j=
