2786 3730
1046 535 2526 669 ###ein gang vnd vor mit meinen weijb von dir rede-Esopus sp
1046 643 2530 744 rach zu kanto, gee hijnein ich heb dich nit-xanthus gieng in
1058 714 2535 803 der frauen zymmer vnd sprach zu seinem weyb-Fraw-du
1054 762 2532 868 wirst nun fürbaß nit mer mit mir zannen vnnd kriegen das
1054 829 2532 939 ich allwegen deinen knaben brauch-Nymmar ich hab dir so
1054 918 2533 1000 einen schoonen knaben gekaufft ꝺas du lustigern nije hast ge
1063 978 2537 1074 sehen. Do das der frauen dienerin erhoͤrten meijneten sij es
1065 1032 2545 1128 waͤr war wie der herr gesagt het- vnd wurder vndereinan
1061 1100 2533 1191 der haderen eine sprach mein herr hat mir einen man gekauf¬
1071 1173 2543 1260 fet Die ander sprach-fürwar mir hat heinnacht getraumet
1061 1234 2548 1331 man hab mich vermaͤhelt, die weil die dieren also vnderein
1063 1299 2552 1379 ander schwäczten sprach die fraw, Wo ist alre der den du
1076 1364 2556 1457 so sere lobest laß in zu vns komen-xantus sprach, Er ist vor
1072 1428 2552 1526 der thür-heijß mir eins ern erst gekauften knaben herein ge
1069 1496 2543 1587 en, Die weil aber die andern diernen vndereinander hadere,
1061 1558 2558 1645 ten-do lieff ein andere stillsch weygent hinab- vnd gedacht
1074 1623 2556 1725 woͤcht ich mir ꝺen jüngling erwerben die weil die anderen
1067 1690 2558 1786 zamen. Als sy aber für die thür kame, sprach sij wo ist der
1071 1757 2561 1838 neü gekanft knecht zu dem ich hoffnung hab-Esopus spra¬
1071 1820 2561 1909 che-den du suͤchest der bijn ich, do aber die diern esopum an
1078 1896 2558 1985 sahe, do erplich sy gantz vnnd sprach erschrockenlichen O
1078 1952 2565 2035 bist du ein bauian̈ wo ist der schwantz Esopus sprach-wir
1086 2033 2563 2112 dest du eins schwancz bedürffen dir wurde kein bruch dar¬
1086 2104 2563 2177 an sein- vnd als sij in das hauß wolt geen-sprach sij zu im¬
1086 2143 2563 2238 Du kömest in das hauß nit, wenn mengklich wurde hinauf
1087 2216 2571 2310 fliehen wo man dich ansähe. Vnd als sy in das hauß kam¬
1086 2288 2573 2385 sprach sij zu ꝺem andern diernen-hew was über grossen ubels
1091 2348 2580 2433 geent hyn vnd sehent es- ꝺo in aber ein andere maget oder
1087 2413 2582 2494 dieren ansabe so vngestalten, sprach sij Ach daz dir in dein
1100 2481 2578 2593 scheützliches maul geton werde, Geehijnein vnd huͤt dich
1110 2558 1773 2651 ꝺas δ u mich nit anruͤrest¬
1112 2595 2586 2753 PLs aber esopus hÿnein gieng erzeyget er sich also
1173 2677 2586 2786 halde der fraue Aber als bald sy in ersabe do keret sy
1110 2740 2593 2846 sich von stundan hinumb vnd sprach zu ranto jren
1093 2836 2582 2918 man. du hast mir ein monrwuder für einen knecht gebracht¬
