2898 3804
456 662 1717 774 was aßer incongrue geredt oder geschriten das wirt straffber
452 731 1420 798 vnd der schreiber oder redner vngefert bekennt
459 771 1728 883 Coniunctio sert yegklichs artickets notturfftige wörter dem
456 838 814 913 artickel zu fügen
456 898 1735 966 Constructio leit was man schaeifen oder reden sol eyns yeg¬
452 946 1727 1042 lichen artickels züge Bürende wörtter wol geordnet in den ar
448 999 727 1070 tickel setzen
462 1049 1731 1121 Copulatio sert die woͤrtter eyns yeglichen artickets mit gu
456 1114 1736 1169 ter ordnung recht gesamelt zu beschliessung der artickel bringen
459 1162 1730 1261 distinctio lert alsen artickeln die man schreiben oder reden sol
451 1221 948 1293 güt vnder scheyd geben
448 1257 1730 1333 Orthographia seret welicherley brieff man schreibet sas man
456 1329 1727 1393 mag wissen weliche wörtter vnd an weliche end man die Aar
456 1378 1727 1439 ein mit den merern büchstaen sol schreiben vn die pauß virgi
452 1437 1727 1520 lieren das man es Vester beteutlicher müg lesen des vndersch¬
456 1485 1062 1543 eydenlicher vnd bas verstan
456 1525 1727 1615 Mutatio læret die woet in eynen yede artickel Lurch sinonima
452 1597 1723 1658 vnnd andere wortter verwechsseln mit selichen andern wört
451 1655 1722 1719 tern die der verwechsselten wortter innhaft außlegung mey
452 1720 1723 1762 nung vnnd Bedeütung sind Sarumb das nit zu vit geleicher
459 1755 1730 1819 wörtter in eynen artickel geredt oder geschrißen, auch die Blüm
459 1811 1723 1895 ser rethorick nicht versert vnd das schreifen vnnd reden nicht
460 1869 1381 1934 vnsieblich zehören vnd auffzenemen werde
459 1909 1733 1979 Alteratio dient von welicher sach wegen eyn concept wirdt
462 1966 1727 2030 gemacht darinn man sich eins bessern besinnet das et siche woet
452 2027 1730 2098 verkert werden vnd die sach darumb manschreibt in eyn besser
452 2077 1236 2138 vnd gefüglicher form gebraucht wirt
1608 2086 1738 2176 Frag
452 2115 1733 2203 So man von etwas sach wegen schreifen oder reden will wie
465 2179 1736 2248 sol man das thün das es recht geredt vnd geschriben vnd Las
452 2246 1730 2309 die rede oder geschrifft eyns yeglichen artickefs kurtzlich sub
452 2302 1727 2371 tilklich vnd wolauffnemlich geredt vnd geblümt werde das
460 2347 846 2416 leger ich zewissen
1249 2342 1463 2419 Antwurt
457 2398 1728 2483 Ich wilt euch das gern nach meinnem verstan wissen lassenn
459 2451 1733 2516 ich vermeyn vnd bald das von welicherley sach wegen man
452 2513 1730 2582 reden oder schreifenn wölte wie vil die selb sach artickel hab
454 2577 1730 2628 wenn et sicher artickel durch die sach so ich denn Lauor gesacht
462 2612 1733 2686 hafend sieblichen kurtzen rechtgeordneten worten die vnwille
451 2684 1733 2748 mügen vertreifen freuntlicheyt geseren vnd meren mit linder
465 2726 1735 2799 senffter fürbringung die eynem nemlichen sind auffzenemen
457 2782 1736 2881 geredt oder geschriben vierflussige wörtter Larmn vermitten
1026 2841 1165 2916 a 2
